@ARTICLE{McQ2013,
   author = {{McQuillan}, A. and {Aigrain}, S. and {Mazeh}, T.},
    title = "{Measuring the rotation period distribution of field M dwarfs with Kepler}",
  journal = {\mnras},
archivePrefix = "arXiv",
   eprint = {1303.6787},
 primaryClass = "astro-ph.SR",
 keywords = {methods: data analysis, stars: evolution, stars: low-mass, stars: magnetic field, stars: rotation},
     year = 2013,
    month = jun,
   volume = 432,
    pages = {1203-1216},
      doi = {10.1093/mnras/stt536},
   adsurl = {http://adsabs.harvard.edu/abs/2013MNRAS.432.1203M},
  adsnote = {Provided by the SAO/NASA Astrophysics Data System}
}

@ARTICLE{Rix2013,
       author = {{Rix}, Hans-Walter and {Bovy}, Jo},
        title = "{The Milky Way's stellar disk. Mapping and modeling the Galactic disk}",
      journal = {\aapr},
     keywords = {Galaxy: Disk, dynamics and kinematics, formation and evolution, stellar populations, Surveys, Astrophysics - Galaxy Astrophysics, Astrophysics - Cosmology and Extragalactic Astrophysics},
         year = "2013",
        month = "May",
       volume = {21},
          eid = {61},
        pages = {61},
          doi = {10.1007/s00159-013-0061-8},
archivePrefix = {arXiv},
       eprint = {1301.3168},
 primaryClass = {astro-ph.GA},
       adsurl = {https://ui.adsabs.harvard.edu/abs/2013A&ARv..21...61R},
      adsnote = {Provided by the SAO/NASA Astrophysics Data System}
}

@ARTICLE{BH2016,
       author = {{Bland-Hawthorn}, Joss and {Gerhard}, Ortwin},
        title = "{The Galaxy in Context: Structural, Kinematic, and Integrated Properties}",
      journal = {\araa},
     keywords = {Astrophysics - Astrophysics of Galaxies},
         year = "2016",
        month = "Sep",
       volume = {54},
        pages = {529-596},
          doi = {10.1146/annurev-astro-081915-023441},
archivePrefix = {arXiv},
       eprint = {1602.07702},
 primaryClass = {astro-ph.GA},
       adsurl = {https://ui.adsabs.harvard.edu/abs/2016ARA&A..54..529B},
      adsnote = {Provided by the SAO/NASA Astrophysics Data System}
}





@ARTICLE{Mits2013,
       author = {{Mitschang}, A.~W. and {De Silva}, G. and {Sharma}, S. and
         {Zucker}, D.~B.},
        title = "{Quantifying chemical tagging: towards robust group finding in the Galaxy}",
      journal = {\mnras},
     keywords = {methods: statistical, techniques: miscellaneous, stars: abundances, open clusters and associations: general, Astrophysics - Astrophysics of Galaxies},
         year = "2013",
        month = "Jan",
       volume = {428},
       number = {3},
        pages = {2321-2332},
          doi = {10.1093/mnras/sts194},
archivePrefix = {arXiv},
       eprint = {1210.3407},
 primaryClass = {astro-ph.GA},
       adsurl = {https://ui.adsabs.harvard.edu/abs/2013MNRAS.428.2321M},
      adsnote = {Provided by the SAO/NASA Astrophysics Data System}
}



@ARTICLE{Arm2018,
       author = {{Armillotta}, Lucia and {Krumholz}, Mark R. and {Fujimoto}, Yusuke},
        title = "{Mixing of metals during star cluster formation: statistics and implications for chemical tagging}",
      journal = {\mnras},
     keywords = {hydrodynamics, turbulence, methods: numerical, stars: abundances, open clusters and associations: general, Astrophysics - Astrophysics of Galaxies},
         year = "2018",
        month = "Dec",
       volume = {481},
       number = {4},
        pages = {5000-5013},
          doi = {10.1093/mnras/sty2625},
archivePrefix = {arXiv},
       eprint = {1807.01712},
 primaryClass = {astro-ph.GA},
       adsurl = {https://ui.adsabs.harvard.edu/abs/2018MNRAS.481.5000A},
      adsnote = {Provided by the SAO/NASA Astrophysics Data System}
}



@ARTICLE{Zasowski2017,
       author = {{Zasowski}, G. and {Cohen}, R.~E. and {Chojnowski}, S.~D. and
         {Santana}, F. and {Oelkers}, R.~J. and {Andrews}, B. and
         {Beaton}, R.~L. and {Bender}, C. and {Bird}, J.~C. and {Bovy}, J.},
        title = "{Target Selection for the SDSS-IV APOGEE-2 Survey}",
      journal = {\aj},
     keywords = {surveys, Galaxy: stellar content, Galaxy: evolution, stars: general, Astrophysics - Astrophysics of Galaxies, Astrophysics - Solar and Stellar Astrophysics},
         year = "2017",
        month = "Nov",
       volume = {154},
       number = {5},
          eid = {198},
        pages = {198},
          doi = {10.3847/1538-3881/aa8df9},
archivePrefix = {arXiv},
       eprint = {1708.00155},
 primaryClass = {astro-ph.GA},
       adsurl = {https://ui.adsabs.harvard.edu/abs/2017AJ....154..198Z},
      adsnote = {Provided by the SAO/NASA Astrophysics Data System}
}



@ARTICLE{Zasowski2013,
   author = {{Zasowski}, G. and {Johnson}, J.~A. and {Frinchaboy}, P.~M. and 
	{Majewski}, S.~R. and {Nidever}, D.~L. and {Rocha Pinto}, H.~J. and 
	{Girardi}, L. and {Andrews}, B. and {Chojnowski}, S.~D. and 
	{Cudworth}, K.~M. and {Jackson}, K. and {Munn}, J. and {Skrutskie}, M.~F. and 
	{Beaton}, R.~L. and {Blake}, C.~H. and {Covey}, K. and {Deshpande}, R. and 
	{Epstein}, C. and {Fabbian}, D. and {Fleming}, S.~W. and {Garcia Hernandez}, D.~A. and 
	{Herrero}, A. and {Mahadevan}, S. and {M{\'e}sz{\'a}ros}, S. and 
	{Schultheis}, M. and {Sellgren}, K. and {Terrien}, R. and {van Saders}, J. and 
	{Allende Prieto}, C. and {Bizyaev}, D. and {Burton}, A. and 
	{Cunha}, K. and {da Costa}, L.~N. and {Hasselquist}, S. and 
	{Hearty}, F. and {Holtzman}, J. and {Garc{\'{\i}}a P{\'e}rez}, A.~E. and 
	{Maia}, M.~A.~G. and {O'Connell}, R.~W. and {O'Donnell}, C. and 
	{Pinsonneault}, M. and {Santiago}, B.~X. and {Schiavon}, R.~P. and 
	{Shetrone}, M. and {Smith}, V. and {Wilson}, J.~C.},
    title = "{Target Selection for the Apache Point Observatory Galactic Evolution Experiment (APOGEE)}",
  journal = {\aj},
archivePrefix = "arXiv",
   eprint = {1308.0351},
 keywords = {Galaxy: abundances, Galaxy: kinematics and dynamics, stars: general, surveys },
     year = 2013,
    month = oct,
   volume = 146,
      eid = {81},
    pages = {81},
      doi = {10.1088/0004-6256/146/4/81},
   adsurl = {https://ui.adsabs.harvard.edu/abs/2013AJ....146...81Z},
  adsnote = {Provided by the SAO/NASA Astrophysics Data System}
}


@ARTICLE{Ho2017,
       author = {{Ho}, Anna Y.~Q. and {Rix}, Hans-Walter and {Ness}, Melissa K. and
         {Hogg}, David W. and {Liu}, Chao and {Ting}, Yuan-Sen},
        title = "{Masses and Ages for 230,000 LAMOST Giants, via Their Carbon and Nitrogen Abundances}",
      journal = {\apj},
     keywords = {methods: data analysis, methods: statistical, stars: abundances, stars: fundamental parameters, surveys, techniques: spectroscopic, Astrophysics - Solar and Stellar Astrophysics, Astrophysics - Astrophysics of Galaxies},
         year = "2017",
        month = "May",
       volume = {841},
       number = {1},
          eid = {40},
        pages = {40},
          doi = {10.3847/1538-4357/aa6db3},
archivePrefix = {arXiv},
       eprint = {1609.03195},
 primaryClass = {astro-ph.SR},
       adsurl = {https://ui.adsabs.harvard.edu/abs/2017ApJ...841...40H},
      adsnote = {Provided by the SAO/NASA Astrophysics Data System}
}



@ARTICLE{Minchev2014a,
       author = {{Minchev}, I. and {Chiappini}, C. and {Martig}, M. and {Steinmetz}, M. and
         {de Jong}, R.~S. and {Boeche}, C. and {Scannapieco}, C. and
         {Zwitter}, T. and {Wyse}, R.~F.~G. and {Binney}, J.~J.},
        title = "{A New Stellar Chemo-Kinematic Relation Reveals the Merger History of the Milky Way Disk}",
      journal = {\apj},
     keywords = {Galaxy: abundances, Galaxy: disk, Galaxy: evolution, Galaxy: formation, Galaxy: kinematics and dynamics, solar neighborhood, Astrophysics - Astrophysics of Galaxies, Astrophysics - Cosmology and Nongalactic Astrophysics},
         year = "2014",
        month = "Jan",
       volume = {781},
       number = {1},
          eid = {L20},
        pages = {L20},
          doi = {10.1088/2041-8205/781/1/L20},
archivePrefix = {arXiv},
       eprint = {1310.5145},
 primaryClass = {astro-ph.GA},
       adsurl = {https://ui.adsabs.harvard.edu/abs/2014ApJ...781L..20M},
      adsnote = {Provided by the SAO/NASA Astrophysics Data System}
}



@ARTICLE{Kord2015,
       author = {{Kordopatis}, G. and {Wyse}, R.~F.~G. and {Gilmore}, G. and
         {Recio-Blanco}, A. and {de Laverny}, P. and {Hill}, V. and
         {Adibekyan}, V. and {Heiter}, U. and {Minchev}, I. and {Famaey}, B.},
        title = "{The Gaia-ESO Survey: characterisation of the [{\ensuremath{\alpha}}/Fe] sequences in the Milky Way discs}",
      journal = {\aap},
     keywords = {Galaxy: abundances, Galaxy: stellar content, Galaxy: evolution, Galaxy: kinematics and dynamics, Galaxy: disk, stars: abundances, Astrophysics - Astrophysics of Galaxies},
         year = "2015",
        month = "Oct",
       volume = {582},
          eid = {A122},
        pages = {A122},
          doi = {10.1051/0004-6361/201526258},
archivePrefix = {arXiv},
       eprint = {1507.08066},
 primaryClass = {astro-ph.GA},
       adsurl = {https://ui.adsabs.harvard.edu/abs/2015A&A...582A.122K},
      adsnote = {Provided by the SAO/NASA Astrophysics Data System}
}




@ARTICLE{M2014,
   author = {{Mitschang}, A.~W. and {De Silva}, G. and {Zucker}, D.~B. and 
	{Anguiano}, B. and {Bensby}, T. and {Feltzing}, S.},
    title = "{Quantitative chemical tagging, stellar ages and the chemo-dynamical evolution of the Galactic disc}",
  journal = {\mnras},
archivePrefix = "arXiv",
   eprint = {1312.1759},
 keywords = {techniques: miscellaneous, stars: abundances, Galaxy: disc, Galaxy: evolution, open clusters and associations: general},
     year = 2014,
    month = mar,
   volume = 438,
    pages = {2753-2764},
      doi = {10.1093/mnras/stt2320},
   adsurl = {http://adsabs.harvard.edu/abs/2014MNRAS.438.2753M},
  adsnote = {Provided by the SAO/NASA Astrophysics Data System}
}


@ARTICLE{Souto2019,
   author = {{Souto}, D. and {Allende Prieto}, C. and {Cunha}, K. and {Pinsonneault}, M. and 
	{Smith}, V.~V. and {Garcia-Dias}, R. and {Bovy}, J. and {Garcia-Hernandez}, D.~A. and 
	{Holtzman}, J. and {Johnson}, J.~A. and {Jonsson}, H. and {Majewski}, S.~R. and 
	{Shetrone}, M. and {Sobeck}, J. and {Zamora}, O. and {Pan}, K. and 
	{Nitschelm}, C.},
    title = "{Chemical Abundances of Main-Sequence, Turnoff, Subgiant and red giant Stars from APOGEE spectra II: Atomic Diffusion in M67 Stars}",
  journal = {arXiv e-prints},
archivePrefix = "arXiv",
   eprint = {1902.10199},
 primaryClass = "astro-ph.SR",
 keywords = {Astrophysics - Solar and Stellar Astrophysics},
     year = 2019,
    month = feb,
   adsurl = {http://adsabs.harvard.edu/abs/2019arXiv190210199S},
  adsnote = {Provided by the SAO/NASA Astrophysics Data System}
}


@ARTICLE{Liu2019,
   author = {{Liu}, F. and {Asplund}, M. and {Yong}, D. and {Feltzing}, S. and 
	{Dotter}, A. and {Mel{\'e}ndez}, J. and {Ram{\'{\i}}rez}, I.
	},
    title = "{Chemical (in)homogeneity and atomic diffusion in the open cluster M67}",
  journal = {arXiv e-prints},
archivePrefix = "arXiv",
   eprint = {1902.11008},
 primaryClass = "astro-ph.SR",
 keywords = {Astrophysics - Solar and Stellar Astrophysics},
     year = 2019,
    month = feb,
   adsurl = {http://adsabs.harvard.edu/abs/2019arXiv190211008L},
  adsnote = {Provided by the SAO/NASA Astrophysics Data System}
}


@ARTICLE{P2012,
   author = {{Cescutti}, G. and {Matteucci}, F. and {Caffau}, E. and {Fran{\c c}ois}, P.
	},
    title = "{Chemical evolution of the Milky Way: the origin of phosphorus}",
  journal = {\aap},
archivePrefix = "arXiv",
   eprint = {1112.3824},
 keywords = {Galaxy: abundances, Galaxy: evolution},
     year = 2012,
    month = apr,
   volume = 540,
      eid = {A33},
    pages = {A33},
      doi = {10.1051/0004-6361/201118188},
   adsurl = {http://adsabs.harvard.edu/abs/2012A%26A...540A..33C},
  adsnote = {Provided by the SAO/NASA Astrophysics Data System}
}


@ARTICLE{Harshil2019,
   author = {{Kamdar}, H. and {Conroy}, C. and {Ting}, Y.-S. and {Bonaca}, A. and 
	{Johnson}, B. and {Cargile}, P.},
    title = "{A Dynamical Model for Clustered Star Formation in the Galactic Disk}",
  journal = {arXiv e-prints},
archivePrefix = "arXiv",
   eprint = {1902.10719},
 keywords = {Astrophysics - Astrophysics of Galaxies, Astrophysics - Solar and Stellar Astrophysics},
     year = 2019,
    month = feb,
   adsurl = {http://adsabs.harvard.edu/abs/2019arXiv190210719K},
  adsnote = {Provided by the SAO/NASA Astrophysics Data System}
}



@ARTICLE{PJ2019,
   author = {{Price-Jones}, N. and {Bovy}, J.},
    title = "{Blind chemical tagging with DBSCAN: prospects for spectroscopic surveys}",
  journal = {arXiv e-prints},
archivePrefix = "arXiv",
   eprint = {1902.08201},
 keywords = {Astrophysics - Astrophysics of Galaxies},
     year = 2019,
    month = feb,
   adsurl = {http://adsabs.harvard.edu/abs/2019arXiv190208201P},
  adsnote = {Provided by the SAO/NASA Astrophysics Data System}
}


@ARTICLE{Ting2018,
       author = {{Ting}, Yuan-Sen and {Conroy}, Charlie and {Rix}, Hans-Walter and
         {Cargile}, Phillip},
        title = "{The Payne: self-consistent ab initio fitting of stellar spectra}",
      journal = {arXiv e-prints},
     keywords = {Astrophysics - Solar and Stellar Astrophysics, Astrophysics - Astrophysics of Galaxies},
         year = "2018",
        month = "Apr",
          eid = {arXiv:1804.01530},
        pages = {arXiv:1804.01530},
archivePrefix = {arXiv},
       eprint = {1804.01530},
 primaryClass = {astro-ph.SR},
       adsurl = {https://ui.adsabs.harvard.edu/abs/2018arXiv180401530T},
      adsnote = {Provided by the SAO/NASA Astrophysics Data System}
}


@ARTICLE{Hawkins2018,
   author = {{Hawkins}, K. and {Ting}, Y.-S. and {Walter-Rix}, H.},
    title = "{Photospheric Diagnostics of Core Helium Burning in Giant Stars}",
  journal = {\apj},
archivePrefix = "arXiv",
   eprint = {1712.02405},
 primaryClass = "astro-ph.SR",
 keywords = {stars: abundances, stars: fundamental parameters},
     year = 2018,
    month = jan,
   volume = 853,
      eid = {20},
    pages = {20},
      doi = {10.3847/1538-4357/aaa08a},
   adsurl = {http://adsabs.harvard.edu/abs/2018ApJ...853...20H},
  adsnote = {Provided by the SAO/NASA Astrophysics Data System}
}



@ARTICLE{Beane2018,
   author = {{Beane}, A. and {Ness}, M. and {Bedell}, M.},
    title = "{Actions are weak stellar age indicators in the Milky Way disk}",
  journal = {ArXiv e-prints},
archivePrefix = "arXiv",
   eprint = {1807.05986},
 primaryClass = "astro-ph.SR",
 keywords = {Astrophysics - Solar and Stellar Astrophysics, Astrophysics - Astrophysics of Galaxies},
     year = 2018,
    month = jul,
   adsurl = {http://adsabs.harvard.edu/abs/2018arXiv180705986B},
  adsnote = {Provided by the SAO/NASA Astrophysics Data System}
}

@ARTICLE{Aguirre2018,
   author = {{Silva Aguirre}, V. and {Bojsen-Hansen}, M. and {Slumstrup}, D. and 
	{Casagrande}, L. and {Kawata}, D. and {Ciuc{\v a}}, I. and {Handberg}, R. and 
	{Lund}, M.~N. and {Mosumgaard}, J.~R. and {Huber}, D. and {Johnson}, J.~A. and 
	{Pinsonneault}, M.~H. and {Serenelli}, A.~M. and {Stello}, D. and 
	{Tayar}, J. and {Bird}, J.~C. and {Cassisi}, S. and {Hon}, M. and 
	{Martig}, M. and {Nissen}, P.~E. and {Rix}, H.~W. and {Sch{\"o}nrich}, R. and 
	{Sahlholdt}, C. and {Trick}, W.~H. and {Yu}, J.},
    title = "{Confirming chemical clocks: asteroseismic age dissection of the Milky Way disc(s)}",
  journal = {\mnras},
archivePrefix = "arXiv",
   eprint = {1710.09847},
 keywords = {asteroseismology, stars: fundamental parameters, stars: kinematics and dynamic, Galaxy: disc, Galaxy: evolution, Galaxy: structure},
     year = 2018,
    month = apr,
   volume = 475,
    pages = {5487-5500},
      doi = {10.1093/mnras/sty150},
   adsurl = {http://adsabs.harvard.edu/abs/2018MNRAS.475.5487S},
  adsnote = {Provided by the SAO/NASA Astrophysics Data System}
}



@ARTICLE{Katie2014,
   author = {{Schlesinger}, K.~J. and {Johnson}, J.~A. and {Rockosi}, C.~M. and 
	{Lee}, Y.~S. and {Beers}, T.~C. and {Harding}, P. and {Allende Prieto}, C. and 
	{Bird}, J.~C. and {Sch{\"o}nrich}, R. and {Yanny}, B. and {Schneider}, D.~P. and 
	{Weaver}, B.~A. and {Brinkmann}, J.},
    title = "{The Vertical Metallicity Gradient of the Milky Way Disk: Transitions in [{$\alpha$}/Fe] Populations}",
  journal = {\apj},
archivePrefix = "arXiv",
   eprint = {1405.6724},
 keywords = {Galaxy: disk, Galaxy: evolution, Galaxy: formation, Galaxy: structure, stars: abundances, surveys},
     year = 2014,
    month = aug,
   volume = 791,
      eid = {112},
    pages = {112},
      doi = {10.1088/0004-637X/791/2/112},
   adsurl = {http://adsabs.harvard.edu/abs/2014ApJ...791..112S},
  adsnote = {Provided by the SAO/NASA Astrophysics Data System}
}

@ARTICLE{Weinberg2019,
   author = {{Weinberg}, D.~H. and {Holtzman}, J.~A. and {Hasselquist}, S. and 
	{Bird}, J.~C. and {Johnson}, J.~A. and {Shetrone}, M. and {Sobeck}, J. and 
	{Allende Prieto}, C. and {Bizyaev}, D. and {Carrera}, R. and 
	{Cohen}, R.~E. and {Cunha}, K. and {Ebelke}, G. and {Fernandez-Trincado}, J.~G. and 
	{Garc{\'{\i}}a-Hern{\'a}ndez}, D.~A. and {Hayes}, C.~R. and 
	{J{\"o}nsson}, H. and {Lane}, R.~R. and {Majewski}, S.~R. and 
	{Malanushenko}, V. and {M{\'e}sz{\'a}ros}, S. and {Nidever}, D.~L. and 
	{Nitschelm}, C. and {Pan}, K. and {Rix}, H.-W. and {Rybizki}, J. and 
	{Schiavon}, R.~P. and {Schneider}, D.~P. and {Wilson}, J.~C. and 
	{Zamora}, O.},
    title = "{Chemical Cartography with APOGEE: Multi-element Abundance Ratios}",
  journal = {\apj},
archivePrefix = "arXiv",
   eprint = {1810.12325},
 keywords = {Galaxy: abundances, Galaxy: disk, nuclear reactions, nucleosynthesis, abundances, stars: abundances },
     year = 2019,
    month = mar,
   volume = 874,
      eid = {102},
    pages = {102},
      doi = {10.3847/1538-4357/ab07c7},
   adsurl = {http://adsabs.harvard.edu/abs/2019ApJ...874..102W},
  adsnote = {Provided by the SAO/NASA Astrophysics Data System}
}


@ARTICLE{Cunha2017,
   author = {{Cunha}, K. and {Smith}, V.~V. and {Hasselquist}, S. and {Souto}, D. and 
	{Shetrone}, M.~D. and {Allende Prieto}, C. and {Bizyaev}, D. and 
	{Frinchaboy}, P. and {Garc{\'{\i}}a-Hern{\'a}ndez}, D.~A. and 
	{Holtzman}, J. and {Johnson}, J.~A. and {J{\H o}nsson}, H. and 
	{Majewski}, S.~R. and {M{\'e}sz{\'a}ros}, S. and {Nidever}, D. and 
	{Pinsonneault}, M. and {Schiavon}, R.~P. and {Sobeck}, J. and 
	{Skrutskie}, M.~F. and {Zamora}, O. and {Zasowski}, G. and {Fern{\'a}ndez-Trincado}, J.~G.
	},
    title = "{Adding the s-Process Element Cerium to the APOGEE Survey: Identification and Characterization of Ce II Lines in the H-band Spectral Window}",
  journal = {\apj},
 keywords = {stars: abundances},
     year = 2017,
    month = aug,
   volume = 844,
      eid = {145},
    pages = {145},
      doi = {10.3847/1538-4357/aa7beb},
   adsurl = {http://adsabs.harvard.edu/abs/2017ApJ...844..145C},
  adsnote = {Provided by the SAO/NASA Astrophysics Data System}
}


@ARTICLE{Shetrone2015,
   author = {{Shetrone}, M. and {Bizyaev}, D. and {Lawler}, J.~E. and {Allende Prieto}, C. and 
	{Johnson}, J.~A. and {Smith}, V.~V. and {Cunha}, K. and {Holtzman}, J. and 
	{Garc{\'{\i}}a P{\'e}rez}, A.~E. and {M{\'e}sz{\'a}ros}, S. and 
	{Sobeck}, J. and {Zamora}, O. and {Garc{\'{\i}}a-Hern{\'a}ndez}, D.~A. and 
	{Souto}, D. and {Chojnowski}, D. and {Koesterke}, L. and {Majewski}, S. and 
	{Zasowski}, G.},
    title = "{The SDSS-III APOGEE Spectral Line List for H-band Spectroscopy}",
  journal = {\apjs},
archivePrefix = "arXiv",
   eprint = {1502.04080},
 primaryClass = "astro-ph.IM",
 keywords = {atomic data, line: identification, methods: laboratory: atomic, molecular data},
     year = 2015,
    month = dec,
   volume = 221,
      eid = {24},
    pages = {24},
      doi = {10.1088/0067-0049/221/2/24},
   adsurl = {http://adsabs.harvard.edu/abs/2015ApJS..221...24S},
  adsnote = {Provided by the SAO/NASA Astrophysics Data System}
}


@ARTICLE{Gaia2016,
   author = {{Gaia Collaboration} and {Brown}, A.~G.~A. and {Vallenari}, A. and 
	{Prusti}, T. and {de Bruijne}, J.~H.~J. and {Mignard}, F. and 
	{Drimmel}, R. and {Babusiaux}, C. and {Bailer-Jones}, C.~A.~L. and 
	{Bastian}, U. and et al.},
    title = "{Gaia Data Release 1. Summary of the astrometric, photometric, and survey properties}",
  journal = {\aap},
archivePrefix = "arXiv",
   eprint = {1609.04172},
 primaryClass = "astro-ph.IM",
 keywords = {catalogs, astrometry, parallaxes, proper motions, surveys},
     year = 2016,
    month = nov,
   volume = 595,
      eid = {A2},
    pages = {A2},
      doi = {10.1051/0004-6361/201629512},
   adsurl = {http://adsabs.harvard.edu/abs/2016A%26A...595A...2G},
  adsnote = {Provided by the SAO/NASA Astrophysics Data System}
}


@ARTICLE{Yanny2009,
   author = {{Yanny}, B. and {Rockosi}, C. and {Newberg}, H.~J. and {Knapp}, G.~R. and 
	{Adelman-McCarthy}, J.~K. and {Alcorn}, B. and {Allam}, S. and 
	{Allende Prieto}, C. and {An}, D. and {Anderson}, K.~S.~J. and 
	{Anderson}, S. and {Bailer-Jones}, C.~A.~L. and {Bastian}, S. and 
	{Beers}, T.~C. and {Bell}, E. and {Belokurov}, V. and {Bizyaev}, D. and 
	{Blythe}, N. and {Bochanski}, J.~J. and {Boroski}, W.~N. and 
	{Brinchmann}, J. and {Brinkmann}, J. and {Brewington}, H. and 
	{Carey}, L. and {Cudworth}, K.~M. and {Evans}, M. and {Evans}, N.~W. and 
	{Gates}, E. and {G{\"a}nsicke}, B.~T. and {Gillespie}, B. and 
	{Gilmore}, G. and {Nebot Gomez-Moran}, A. and {Grebel}, E.~K. and 
	{Greenwell}, J. and {Gunn}, J.~E. and {Jordan}, C. and {Jordan}, W. and 
	{Harding}, P. and {Harris}, H. and {Hendry}, J.~S. and {Holder}, D. and 
	{Ivans}, I.~I. and {Ivezi{\v c}}, {\v Z}. and {Jester}, S. and 
	{Johnson}, J.~A. and {Kent}, S.~M. and {Kleinman}, S. and {Kniazev}, A. and 
	{Krzesinski}, J. and {Kron}, R. and {Kuropatkin}, N. and {Lebedeva}, S. and 
	{Lee}, Y.~S. and {French Leger}, R. and {L{\'e}pine}, S. and 
	{Levine}, S. and {Lin}, H. and {Long}, D.~C. and {Loomis}, C. and 
	{Lupton}, R. and {Malanushenko}, O. and {Malanushenko}, V. and 
	{Margon}, B. and {Martinez-Delgado}, D. and {McGehee}, P. and 
	{Monet}, D. and {Morrison}, H.~L. and {Munn}, J.~A. and {Neilsen}, Jr., E.~H. and 
	{Nitta}, A. and {Norris}, J.~E. and {Oravetz}, D. and {Owen}, R. and 
	{Padmanabhan}, N. and {Pan}, K. and {Peterson}, R.~S. and {Pier}, J.~R. and 
	{Platson}, J. and {Re Fiorentin}, P. and {Richards}, G.~T. and 
	{Rix}, H.-W. and {Schlegel}, D.~J. and {Schneider}, D.~P. and 
	{Schreiber}, M.~R. and {Schwope}, A. and {Sibley}, V. and {Simmons}, A. and 
	{Snedden}, S.~A. and {Allyn Smith}, J. and {Stark}, L. and {Stauffer}, F. and 
	{Steinmetz}, M. and {Stoughton}, C. and {SubbaRao}, M. and {Szalay}, A. and 
	{Szkody}, P. and {Thakar}, A.~R. and {Sivarani}, T. and {Tucker}, D. and 
	{Uomoto}, A. and {Vanden Berk}, D. and {Vidrih}, S. and {Wadadekar}, Y. and 
	{Watters}, S. and {Wilhelm}, R. and {Wyse}, R.~F.~G. and {Yarger}, J. and 
	{Zucker}, D.},
    title = "{SEGUE: A Spectroscopic Survey of 240,000 Stars with g = 14-20}",
  journal = {\aj},
archivePrefix = "arXiv",
   eprint = {0902.1781},
 primaryClass = "astro-ph.GA",
 keywords = {Galaxy: halo, Galaxy: stellar content, Galaxy: structure, stars: abundances, stars: fundamental parameters, stars: general},
     year = 2009,
    month = may,
   volume = 137,
    pages = {4377-4399},
      doi = {10.1088/0004-6256/137/5/4377},
   adsurl = {http://adsabs.harvard.edu/abs/2009AJ....137.4377Y},
  adsnote = {Provided by the SAO/NASA Astrophysics Data System}
}



@ARTICLE{Duong2018,
   author = {{Duong}, L. and {Freeman}, K.~C. and {Asplund}, M. and {Casagrande}, L. and 
	{Buder}, S. and {Lind}, K. and {Ness}, M. and {Bland-Hawthorn}, J. and 
	{De Silva}, G.~M. and {D'Orazi}, V. and {Kos}, J. and {Lewis}, G.~F. and 
	{Lin}, J. and {Martell}, S.~L. and {Schlesinger}, K. and {Sharma}, S. and 
	{Simpson}, J.~D. and {Zucker}, D.~B. and {Zwitter}, T. and {Anguiano}, B. and 
	{Da Costa}, G.~S. and {Hyde}, E. and {Horner}, J. and {Kafle}, P.~R. and 
	{Nataf}, D.~M. and {Reid}, W. and {Stello}, D. and {Ting}, Y.-S. and 
	{Wyse}, R.~F.~G.},
    title = "{The GALAH survey: properties of the Galactic disc(s) in the solar neighbourhood}",
  journal = {\mnras},
archivePrefix = "arXiv",
   eprint = {1801.01514},
 keywords = {surveys, stars: abundances, Galaxy: disc, Galaxy: evolution, Galaxy: formation},
     year = 2018,
    month = jun,
   volume = 476,
    pages = {5216-5232},
      doi = {10.1093/mnras/sty525},
   adsurl = {http://adsabs.harvard.edu/abs/2018MNRAS.476.5216D},
  adsnote = {Provided by the SAO/NASA Astrophysics Data System}
}

@ARTICLE{Weinberg2018,
   author = {{Weinberg}, D.~H. and {Holtzman}, J.~A. and {Hasselquist}, S. and 
	{Bird}, J.~C. and {Johnson}, J.~A. and {Shetrone}, M. and {Sobeck}, J. and 
	{Allende Prieto}, C. and {Bizyaev}, D. and {Carrera}, R. and 
	{Cohen}, R.~E. and {Cunha}, K. and {Ebelke}, G. and {Fernandez-Trincado}, J.~G. and 
	{Garcia-Hernandez}, D.~A. and {Hayes}, C.~R. and {Jonsson}, H. and 
	{Lane}, R.~R. and {Majewski}, S.~R. and {Malanushenko}, V. and 
	{Meszaros}, S. and {Nidever}, D.~L. and {Nitschelm}, C. and 
	{Pan}, K. and {Schiavon}, R.~P. and {Schneider}, D.~P. and {Wilson}, J.~C. and 
	{Zamora}, O.},
    title = "{Chemical Cartography with APOGEE: Multi-element abundance ratios}",
  journal = {arXiv e-prints},
archivePrefix = "arXiv",
   eprint = {1810.12325},
 keywords = {Astrophysics - Astrophysics of Galaxies},
     year = 2018,
    month = oct,
   adsurl = {http://adsabs.harvard.edu/abs/2018arXiv181012325W},
  adsnote = {Provided by the SAO/NASA Astrophysics Data System}
}

@ARTICLE{Hogg2016,
       author = {{Hogg}, David W. and {Casey}, Andrew R. and {Ness}, Melissa and
         {Rix}, Hans-Walter and {Foreman-Mackey}, Daniel and
         {Hasselquist}, Sten and {Ho}, Anna Y.~Q. and {Holtzman}, Jon A. and
         {Majewski}, Steven R. and {Martell}, Sarah L.},
        title = "{Chemical Tagging Can Work: Identification of Stellar Phase-space Structures Purely by Chemical-abundance Similarity}",
      journal = {\apj},
     keywords = {Galaxy: abundances, Galaxy: stellar content, Galaxy: structure, globular clusters: general, open clusters and associations: general, stars: abundances, Astrophysics - Astrophysics of Galaxies, Astrophysics - Solar and Stellar Astrophysics},
         year = "2016",
        month = "Dec",
       volume = {833},
       number = {2},
          eid = {262},
        pages = {262},
          doi = {10.3847/1538-4357/833/2/262},
archivePrefix = {arXiv},
       eprint = {1601.05413},
 primaryClass = {astro-ph.GA},
       adsurl = {https://ui.adsabs.harvard.edu/abs/2016ApJ...833..262H},
      adsnote = {Provided by the SAO/NASA Astrophysics Data System}
}


@ARTICLE{Robyn2018,
       author = {{Sanderson}, Robyn E. and {Wetzel}, Andrew and {Loebman}, Sarah and
         {Sharma}, Sanjib and {Hopkins}, Philip F. and {Garrison-Kimmel}, Shea and
         {Faucher-Gigu{\`e}re}, Claude-Andr{\'e} and {Kere{\v{s}}}, Du{\v{s}}an and
         {Quataert}, Eliot},
        title = "{Synthetic Gaia surveys from the FIRE cosmological simulations of Milky-Way-mass galaxies}",
      journal = {arXiv e-prints},
     keywords = {Astrophysics - Astrophysics of Galaxies, Astrophysics - Instrumentation and Methods for Astrophysics},
         year = "2018",
        month = "Jun",
          eid = {arXiv:1806.10564},
        pages = {arXiv:1806.10564},
archivePrefix = {arXiv},
       eprint = {1806.10564},
 primaryClass = {astro-ph.GA},
       adsurl = {https://ui.adsabs.harvard.edu/abs/2018arXiv180610564S},
      adsnote = {Provided by the SAO/NASA Astrophysics Data System}
}




@ARTICLE{Minchev2013,
       author = {{Minchev}, I. and {Chiappini}, C. and {Martig}, M.},
        title = "{Chemodynamical evolution of the Milky Way disk. I. The solar vicinity}",
      journal = {\aap},
     keywords = {Galaxy: kinematics and dynamics, galaxies: evolution, Galaxy: evolution, Galaxy: abundances, solar neighborhood, Galaxy: formation, Astrophysics - Astrophysics of Galaxies, Astrophysics - Cosmology and Nongalactic Astrophysics},
         year = "2013",
        month = "Oct",
       volume = {558},
          eid = {A9},
        pages = {A9},
          doi = {10.1051/0004-6361/201220189},
archivePrefix = {arXiv},
       eprint = {1208.1506},
 primaryClass = {astro-ph.GA},
       adsurl = {https://ui.adsabs.harvard.edu/abs/2013A&A...558A...9M},
      adsnote = {Provided by the SAO/NASA Astrophysics Data System}
}



@ARTICLE{Clarke2019,
   author = {{Clarke}, A.~J. and {Debattista}, V.~P. and {Nidever}, D.~L. and 
	{Loebman}, S.~R. and {Simons}, R.~C. and {Kassin}, S. and {Du}, M. and 
	{Ness}, M. and {Fisher}, D.~B. and {Quinn}, T.~R. and {Wadsley}, J. and 
	{Freeman}, K.~C. and {Popescu}, C.~C.},
    title = "{The imprint of clump formation at high redshift - I. A disc {$\alpha$}-abundance dichotomy}",
  journal = {\mnras},
archivePrefix = "arXiv",
   eprint = {1901.00931},
 keywords = {Galaxy: abundances, Galaxy: disc, Galaxy: evolution, Galaxy: formation, Galaxy: structure},
     year = 2019,
    month = apr,
   volume = 484,
    pages = {3476-3490},
      doi = {10.1093/mnras/stz104},
   adsurl = {http://adsabs.harvard.edu/abs/2019MNRAS.484.3476C},
  adsnote = {Provided by the SAO/NASA Astrophysics Data System}
}

@ARTICLE{Blancato2019,
       author = {{Blancato}, Kirsten and {Ness}, Melissa and {Johnston}, Kathryn V. and
         {Rybizki}, Jan and {Bedell}, Megan},
        title = "{Variations in $\alpha$-element ratios trace the chemical evolution of the disk}",
      journal = {arXiv e-prints},
     keywords = {Astrophysics - Astrophysics of Galaxies, Astrophysics - Solar and Stellar Astrophysics},
         year = "2019",
        month = "Jun",
          eid = {arXiv:1906.05297},
        pages = {arXiv:1906.05297},
archivePrefix = {arXiv},
       eprint = {1906.05297},
 primaryClass = {astro-ph.GA},
       adsurl = {https://ui.adsabs.harvard.edu/abs/2019arXiv190605297B},
      adsnote = {Provided by the SAO/NASA Astrophysics Data System}
}



@ARTICLE{Minchev2014b,
       author = {{Minchev}, I. and {Chiappini}, C. and {Martig}, M.},
        title = "{Chemodynamical evolution of the Milky Way disk. II. Variations with Galactic radius and height above the disk plane}",
      journal = {\aap},
     keywords = {Galaxy: kinematics and dynamics, galaxies: evolution, Galaxy: abundances, Galaxy: formation, Galaxy: evolution, Galaxy: disk, Astrophysics - Astrophysics of Galaxies, Astrophysics - Cosmology and Nongalactic Astrophysics},
         year = "2014",
        month = "Dec",
       volume = {572},
          eid = {A92},
        pages = {A92},
          doi = {10.1051/0004-6361/201423487},
archivePrefix = {arXiv},
       eprint = {1401.5796},
 primaryClass = {astro-ph.GA},
       adsurl = {https://ui.adsabs.harvard.edu/abs/2014A&A...572A..92M},
      adsnote = {Provided by the SAO/NASA Astrophysics Data System}
}

@ARTICLE{Helmi2018,
       author = {{Helmi}, Amina and {Babusiaux}, Carine and {Koppelman}, Helmer H. and
         {Massari}, Davide and {Veljanoski}, Jovan and {Brown}, Anthony G.~A.},
        title = "{The merger that led to the formation of the Milky Way's inner stellar halo and thick disk}",
      journal = {\nat},
     keywords = {Astrophysics - Astrophysics of Galaxies},
         year = "2018",
        month = "Nov",
       volume = {563},
       number = {7729},
        pages = {85-88},
          doi = {10.1038/s41586-018-0625-x},
archivePrefix = {arXiv},
       eprint = {1806.06038},
 primaryClass = {astro-ph.GA},
       adsurl = {https://ui.adsabs.harvard.edu/abs/2018Natur.563...85H},
      adsnote = {Provided by the SAO/NASA Astrophysics Data System}
}





@INPROCEEDINGS{PFS2016,
       author = {{Tamura}, Naoyuki and {Takato}, Naruhisa and {Shimono}, Atsushi and
         {Moritani}, Yuki and {Yabe}, Kiyoto and {Ishizuka}, Yuki and
         {Ueda}, Akitoshi and {Kamata}, Yukiko and {Aghazarian}, Hrand and
         {Arnouts}, St{\'e}phane},
        title = "{Prime Focus Spectrograph (PFS) for the Subaru telescope: overview, recent progress, and future perspectives}",
     keywords = {Astrophysics - Instrumentation and Methods for Astrophysics, Astrophysics - Cosmology and Nongalactic Astrophysics, Astrophysics - Astrophysics of Galaxies},
    booktitle = {Ground-based and Airborne Instrumentation for Astronomy VI},
         year = "2016",
       series = {Society of Photo-Optical Instrumentation Engineers (SPIE) Conference Series},
       volume = {9908},
        month = "Aug",
          eid = {99081M},
        pages = {99081M},
          doi = {10.1117/12.2232103},
archivePrefix = {arXiv},
       eprint = {1608.01075},
 primaryClass = {astro-ph.IM},
       adsurl = {https://ui.adsabs.harvard.edu/abs/2016SPIE.9908E..1MT},
      adsnote = {Provided by the SAO/NASA Astrophysics Data System}
}

@ARTICLE{Keith2015,
       author = {{Hawkins}, K. and {Jofr{\'e}}, P. and {Masseron}, T. and {Gilmore}, G.},
        title = "{Using chemical tagging to redefine the interface of the Galactic disc and halo}",
      journal = {\mnras},
     keywords = {Galaxy: abundances, Galaxy: halo, Galaxy: structure, Astrophysics - Astrophysics of Galaxies, Astrophysics - Solar and Stellar Astrophysics},
         year = "2015",
        month = "Oct",
       volume = {453},
       number = {1},
        pages = {758-774},
          doi = {10.1093/mnras/stv1586},
archivePrefix = {arXiv},
       eprint = {1507.03604},
 primaryClass = {astro-ph.GA},
       adsurl = {https://ui.adsabs.harvard.edu/abs/2015MNRAS.453..758H},
      adsnote = {Provided by the SAO/NASA Astrophysics Data System}
}

@ARTICLE{Payel2019,
       author = {{Das}, Payel and {Hawkins}, Keith and {Jofre}, Paula},
        title = "{Ages and kinematics of chemically selected, accreted Milky Way halo stars}",
      journal = {arXiv e-prints},
     keywords = {Astrophysics - Astrophysics of Galaxies},
         year = "2019",
        month = "Mar",
          eid = {arXiv:1903.09320},
        pages = {arXiv:1903.09320},
archivePrefix = {arXiv},
       eprint = {1903.09320},
 primaryClass = {astro-ph.GA},
       adsurl = {https://ui.adsabs.harvard.edu/abs/2019arXiv190309320D},
      adsnote = {Provided by the SAO/NASA Astrophysics Data System}
}


@ARTICLE{Ted2019b,
   author = {{Mackereth}, J.~T. and {Schiavon}, R.~P. and {Pfeffer}, J. and 
	{Hayes}, C.~R. and {Bovy}, J. and {Anguiano}, B. and {Allende Prieto}, C. and 
	{Hasselquist}, S. and {Holtzman}, J. and {Johnson}, J.~A. and 
	{Majewski}, S.~R. and {O'Connell}, R. and {Shetrone}, M. and 
	{Tissera}, P.~B. and {Fern{\'a}ndez-Trincado}, J.~G.},
    title = "{The origin of accreted stellar halo populations in the Milky Way using APOGEE, Gaia, and the EAGLE simulations}",
  journal = {\mnras},
archivePrefix = "arXiv",
   eprint = {1808.00968},
 keywords = {Galaxy: abundances, Galaxy: formation, Galaxy: halo, Galaxy: kinematics and dynamics, Galaxy: stellar content},
     year = 2019,
    month = jan,
   volume = 482,
    pages = {3426-3442},
      doi = {10.1093/mnras/sty2955},
   adsurl = {http://adsabs.harvard.edu/abs/2019MNRAS.482.3426M},
  adsnote = {Provided by the SAO/NASA Astrophysics Data System}
}


@ARTICLE{Leung2019,
       author = {{Leung}, Henry W. and {Bovy}, Jo},
        title = "{Deep learning of multi-element abundances from high-resolution spectroscopic data}",
      journal = {\mnras},
     keywords = {methods: data analysis, techniques: spectroscopic, stars: abundances, stars: fundamental parameters, Astrophysics - Astrophysics of Galaxies, Astrophysics - Instrumentation and Methods for Astrophysics},
         year = "2019",
        month = "Mar",
       volume = {483},
       number = {3},
        pages = {3255-3277},
          doi = {10.1093/mnras/sty3217},
archivePrefix = {arXiv},
       eprint = {1808.04428},
 primaryClass = {astro-ph.GA},
       adsurl = {https://ui.adsabs.harvard.edu/abs/2019MNRAS.483.3255L},
      adsnote = {Provided by the SAO/NASA Astrophysics Data System}
}



@ARTICLE{Ted2019a,
   author = {{Mackereth}, J.~T. and {Bovy}, J. and {Leung}, H.~W. and {Schiavon}, R.~P. and 
	{Trick}, W.~H. and {Chaplin}, W.~J. and {Cunha}, K. and {Feuillet}, D.~K. and 
	{Majewski}, S.~R. and {Martig}, M. and {Miglio}, A. and {Nidever}, D. and 
	{Pinsonneault}, M.~H. and {Silva Aguirre}, V. and {Sobeck}, J. and 
	{Tayar}, J. and {Zasowski}, G.},
    title = "{Dynamical heating across the Milky Way disc using APOGEE and $\it{Gaia}$}",
  journal = {arXiv e-prints},
archivePrefix = "arXiv",
   eprint = {1901.04502},
 keywords = {Astrophysics - Astrophysics of Galaxies},
     year = 2019,
    month = jan,
   adsurl = {http://adsabs.harvard.edu/abs/2019arXiv190104502M},
  adsnote = {Provided by the SAO/NASA Astrophysics Data System}
}



@ARTICLE{Pins2018,
   author = {{Pinsonneault}, M.~H. and {Elsworth}, Y.~P. and {Tayar}, J. and 
	{Serenelli}, A. and {Stello}, D. and {Zinn}, J. and {Mathur}, S. and 
	{Garc{\'{\i}}a}, R.~A. and {Johnson}, J.~A. and {Hekker}, S. and 
	{Huber}, D. and {Kallinger}, T. and {M{\'e}sz{\'a}ros}, S. and 
	{Mosser}, B. and {Stassun}, K. and {Girardi}, L. and {Rodrigues}, T.~S. and 
	{Silva Aguirre}, V. and {An}, D. and {Basu}, S. and {Chaplin}, W.~J. and 
	{Corsaro}, E. and {Cunha}, K. and {Garc{\'{\i}}a-Hern{\'a}ndez}, D.~A. and 
	{Holtzman}, J. and {J{\"o}nsson}, H. and {Shetrone}, M. and 
	{Smith}, V.~V. and {Sobeck}, J.~S. and {Stringfellow}, G.~S. and 
	{Zamora}, O. and {Beers}, T.~C. and {Fern{\'a}ndez-Trincado}, J.~G. and 
	{Frinchaboy}, P.~M. and {Hearty}, F.~R. and {Nitschelm}, C.},
    title = "{The Second APOKASC Catalog: The Empirical Approach}",
  journal = {ArXiv e-prints},
archivePrefix = "arXiv",
   eprint = {1804.09983},
 primaryClass = "astro-ph.SR",
 keywords = {Astrophysics - Solar and Stellar Astrophysics},
     year = 2018,
    month = apr,
   adsurl = {http://adsabs.harvard.edu/abs/2018arXiv180409983P},
  adsnote = {Provided by the SAO/NASA Astrophysics Data System}
}


@INPROCEEDINGS{Ricker2014,
   author = {{Ricker}, G.~R. and {Winn}, J.~N. and {Vanderspek}, R. and {Latham}, D.~W. and 
	{Bakos}, G.~{\'A}. and {Bean}, J.~L. and {Berta-Thompson}, Z.~K. and 
	{Brown}, T.~M. and {Buchhave}, L. and {Butler}, N.~R. and {Butler}, R.~P. and 
	{Chaplin}, W.~J. and {Charbonneau}, D. and {Christensen-Dalsgaard}, J. and 
	{Clampin}, M. and {Deming}, D. and {Doty}, J. and {De Lee}, N. and 
	{Dressing}, C. and {Dunham}, E.~W. and {Endl}, M. and {Fressin}, F. and 
	{Ge}, J. and {Henning}, T. and {Holman}, M.~J. and {Howard}, A.~W. and 
	{Ida}, S. and {Jenkins}, J. and {Jernigan}, G. and {Johnson}, J.~A. and 
	{Kaltenegger}, L. and {Kawai}, N. and {Kjeldsen}, H. and {Laughlin}, G. and 
	{Levine}, A.~M. and {Lin}, D. and {Lissauer}, J.~J. and {MacQueen}, P. and 
	{Marcy}, G. and {McCullough}, P.~R. and {Morton}, T.~D. and 
	{Narita}, N. and {Paegert}, M. and {Palle}, E. and {Pepe}, F. and 
	{Pepper}, J. and {Quirrenbach}, A. and {Rinehart}, S.~A. and 
	{Sasselov}, D. and {Sato}, B. and {Seager}, S. and {Sozzetti}, A. and 
	{Stassun}, K.~G. and {Sullivan}, P. and {Szentgyorgyi}, A. and 
	{Torres}, G. and {Udry}, S. and {Villasenor}, J.},
    title = "{Transiting Exoplanet Survey Satellite (TESS)}",
booktitle = {Space Telescopes and Instrumentation 2014: Optical, Infrared, and Millimeter Wave},
     year = 2014,
   series = {\procspie},
   volume = 9143,
archivePrefix = "arXiv",
   eprint = {1406.0151},
 primaryClass = "astro-ph.EP",
    month = aug,
      eid = {914320},
    pages = {914320},
      doi = {10.1117/12.2063489},
   adsurl = {http://adsabs.harvard.edu/abs/2014SPIE.9143E..20R},
  adsnote = {Provided by the SAO/NASA Astrophysics Data System}
}


@ARTICLE{Handberg2014,
   author = {{Handberg}, R. and {Lund}, M.~N.},
    title = "{Automated preparation of Kepler time series of planet hosts for asteroseismic analysis}",
  journal = {\mnras},
archivePrefix = "arXiv",
   eprint = {1409.1366},
 primaryClass = "astro-ph.IM",
 keywords = {methods: data analysis, stars: oscillations, planetary systems},
     year = 2014,
    month = dec,
   volume = 445,
    pages = {2698-2709},
      doi = {10.1093/mnras/stu1823},
   adsurl = {http://adsabs.harvard.edu/abs/2014MNRAS.445.2698H},
  adsnote = {Provided by the SAO/NASA Astrophysics Data System}
}


@ARTICLE{Jan2017,
       author = {{Rybizki}, Jan and {Just}, Andreas and {Rix}, Hans-Walter},
        title = "{Chempy: A flexible chemical evolution model for abundance fitting. Do the Sun's abundances alone constrain chemical evolution models?}",
      journal = {\aap},
     keywords = {methods: statistical, nuclear reactions, nucleosynthesis, abundances, stars: luminosity function, mass function, supernovae: general, Sun: abundances, Galaxy: evolution, Astrophysics - Astrophysics of Galaxies, Astrophysics - Instrumentation and Methods for Astrophysics, Astrophysics - Solar and Stellar Astrophysics},
         year = "2017",
        month = "Sep",
       volume = {605},
          eid = {A59},
        pages = {A59},
          doi = {10.1051/0004-6361/201730522},
archivePrefix = {arXiv},
       eprint = {1702.08729},
 primaryClass = {astro-ph.GA},
       adsurl = {https://ui.adsabs.harvard.edu/abs/2017A&A...605A..59R},
      adsnote = {Provided by the SAO/NASA Astrophysics Data System}
}


@ARTICLE{Bovy2019,
       author = {{Bovy}, Jo and {Leung}, Henry W. and {Hunt}, Jason A.~S. and
         {Mackereth}, J. Ted and {Garcia-Hernandez}, D.~A. and
         {Roman-Lopes}, Alexandre},
        title = "{Life in the fast lane: a direct view of the dynamics, formation, and evolution of the Milky Way's bar}",
      journal = {arXiv e-prints},
     keywords = {Astrophysics - Astrophysics of Galaxies, Astrophysics - Cosmology and Nongalactic Astrophysics},
         year = "2019",
        month = "May",
          eid = {arXiv:1905.11404},
        pages = {arXiv:1905.11404},
archivePrefix = {arXiv},
       eprint = {1905.11404},
 primaryClass = {astro-ph.GA},
       adsurl = {https://ui.adsabs.harvard.edu/abs/2019arXiv190511404B},
      adsnote = {Provided by the SAO/NASA Astrophysics Data System}
}

@ARTICLE{Pan2017,
       author = {{Pancino}, E. and {Romano}, D. and {Tang}, B. and
         {Tautvai{\v{s}}ien{\.{e}}}, G. and {Casey}, A.~R. and {Gruyters}, P. and
         {Geisler}, D. and {San Roman}, I. and {Randich}, S. and {Alfaro}, E.~J.},
        title = "{The Gaia-ESO Survey. Mg-Al anti-correlation in iDR4 globular clusters}",
      journal = {\aap},
     keywords = {surveys, stars: abundances, globular clusters: general, globular clusters: individual: NGC 5927, Astrophysics - Solar and Stellar Astrophysics, Astrophysics - Astrophysics of Galaxies},
         year = "2017",
        month = "May",
       volume = {601},
          eid = {A112},
        pages = {A112},
          doi = {10.1051/0004-6361/201730474},
archivePrefix = {arXiv},
       eprint = {1702.06083},
 primaryClass = {astro-ph.SR},
       adsurl = {https://ui.adsabs.harvard.edu/abs/2017A&A...601A.112P},
      adsnote = {Provided by the SAO/NASA Astrophysics Data System}
}



@ARTICLE{Gratton2015,
       author = {{Gratton}, R.~G. and {Lucatello}, S. and {Sollima}, A. and
         {Carretta}, E. and {Bragaglia}, A. and {Momany}, Y. and {D'Orazi}, V. and
         {Salaris}, M. and {Cassisi}, S. and {Stetson}, P.~B.},
        title = "{The Na-O anticorrelation in horizontal branch stars. V. NGC 6723}",
      journal = {\aap},
     keywords = {stars: abundances, stars: Population II, globular clusters: general, globular clusters: individual: NGC 6723, stars: evolution, Astrophysics - Solar and Stellar Astrophysics},
         year = "2015",
        month = "Jan",
       volume = {573},
          eid = {A92},
        pages = {A92},
          doi = {10.1051/0004-6361/201424393},
archivePrefix = {arXiv},
       eprint = {1410.8378},
 primaryClass = {astro-ph.SR},
       adsurl = {https://ui.adsabs.harvard.edu/abs/2015A&A...573A..92G},
      adsnote = {Provided by the SAO/NASA Astrophysics Data System}
}



@ARTICLE{Carr2019,
       author = {{Carretta}, Eugenio},
        title = "{Empirical estimates of the Na-O anti-correlation in 95 Galactic globular clusters}",
      journal = {\aap},
     keywords = {stars: abundances, stars: atmospheres, stars: Population II, globular clusters: general, Astrophysics - Solar and Stellar Astrophysics, Astrophysics - Astrophysics of Galaxies},
         year = "2019",
        month = "Apr",
       volume = {624},
          eid = {A24},
        pages = {A24},
          doi = {10.1051/0004-6361/201935110},
archivePrefix = {arXiv},
       eprint = {1903.04494},
 primaryClass = {astro-ph.SR},
       adsurl = {https://ui.adsabs.harvard.edu/abs/2019A&A...624A..24C},
      adsnote = {Provided by the SAO/NASA Astrophysics Data System}
}



@ARTICLE{Kraft1997,
       author = {{Kraft}, Robert P. and {Sneden}, Christopher and {Smith}, Graeme H. and
         {Shetrone}, Matthew D. and {Langer}, G.~E. and
         {Pilachowski}, Catherine A.},
        title = "{Proton Capture Chains in Globular Cluster Stars.II.Oxygen, Sodium, Magnesium, and Aluminum Abundances in M13 Giants Brighter Than the Horizontal Branch}",
      journal = {\aj},
     keywords = {GLOBULAR CLUSTERS: INDIVIDUAL: M13, STARS: HORIZONTAL-BRANCH},
         year = "1997",
        month = "Jan",
       volume = {113},
        pages = {279},
          doi = {10.1086/118251},
       adsurl = {https://ui.adsabs.harvard.edu/abs/1997AJ....113..279K},
      adsnote = {Provided by the SAO/NASA Astrophysics Data System}
}



@ARTICLE{GP2016,
   author = {{Garc{\'{\i}}a P{\'e}rez}, A.~E. and {Allende Prieto}, C. and 
	{Holtzman}, J.~A. and {Shetrone}, M. and {M{\'e}sz{\'a}ros}, S. and 
	{Bizyaev}, D. and {Carrera}, R. and {Cunha}, K. and {Garc{\'{\i}}a-Hern{\'a}ndez}, D.~A. and 
	{Johnson}, J.~A. and {Majewski}, S.~R. and {Nidever}, D.~L. and 
	{Schiavon}, R.~P. and {Shane}, N. and {Smith}, V.~V. and {Sobeck}, J. and 
	{Troup}, N. and {Zamora}, O. and {Weinberg}, D.~H. and {Bovy}, J. and 
	{Eisenstein}, D.~J. and {Feuillet}, D. and {Frinchaboy}, P.~M. and 
	{Hayden}, M.~R. and {Hearty}, F.~R. and {Nguyen}, D.~C. and 
	{O'Connell}, R.~W. and {Pinsonneault}, M.~H. and {Wilson}, J.~C. and 
	{Zasowski}, G.},
    title = "{ASPCAP: The APOGEE Stellar Parameter and Chemical Abundances Pipeline}",
  journal = {\aj},
archivePrefix = "arXiv",
   eprint = {1510.07635},
 primaryClass = "astro-ph.SR",
 keywords = {Galaxy: center, Galaxy: structure, methods: data analysis, stars: abundances, stars: atmospheres},
     year = 2016,
    month = jun,
   volume = 151,
      eid = {144},
    pages = {144},
      doi = {10.3847/0004-6256/151/6/144},
   adsurl = {http://adsabs.harvard.edu/abs/2016AJ....151..144G},
  adsnote = {Provided by the SAO/NASA Astrophysics Data System}
}

@ARTICLE{K1995,
   author = {{Kjeldsen}, H. and {Bedding}, T.~R.},
    title = "{Amplitudes of stellar oscillations: the implications for asteroseismology.}",
  journal = {\aap},
   eprint = {astro-ph/9403015},
 keywords = {SUN: OSCILLATIONS, STARS: INDIVIDUAL: $\{$ALPHA$\}$ CEN, STARS: INDIVIDUAL: PROCYON, STARS: OSCILLATIONS, CEPHEIDS, $\{$DELTA$\}$ SCT},
     year = 1995,
    month = jan,
   volume = 293,
    pages = {87-106},
   adsurl = {http://adsabs.harvard.edu/abs/1995A\%26A...293...87K},
  adsnote = {Provided by the SAO/NASA Astrophysics Data System}
}

@INPROCEEDINGS{Lund2017b,
   author = {{Lund}, M.~N. and {Handberg}, R. and {Kjeldsen}, H. and {Chaplin}, W.~J. and 
	{Christensen-Dalsgaard}, J.},
    title = "{Data preparation for asteroseismology with TESS}",
booktitle = {European Physical Journal Web of Conferences},
     year = 2017,
   series = {European Physical Journal Web of Conferences},
   volume = 160,
archivePrefix = "arXiv",
   eprint = {1610.02702},
 primaryClass = "astro-ph.IM",
    month = oct,
      eid = {01005},
    pages = {01005},
      doi = {10.1051/epjconf/201716001005},
   adsurl = {http://adsabs.harvard.edu/abs/2017EPJWC.16001005L},
  adsnote = {Provided by the SAO/NASA Astrophysics Data System}
}


@INPROCEEDINGS{Ricker2014,
   author = {{Ricker}, G.~R. and {Winn}, J.~N. and {Vanderspek}, R. and {Latham}, D.~W. and 
	{Bakos}, G.~{\'A}. and {Bean}, J.~L. and {Berta-Thompson}, Z.~K. and 
	{Brown}, T.~M. and {Buchhave}, L. and {Butler}, N.~R. and {Butler}, R.~P. and 
	{Chaplin}, W.~J. and {Charbonneau}, D. and {Christensen-Dalsgaard}, J. and 
	{Clampin}, M. and {Deming}, D. and {Doty}, J. and {De Lee}, N. and 
	{Dressing}, C. and {Dunham}, E.~W. and {Endl}, M. and {Fressin}, F. and 
	{Ge}, J. and {Henning}, T. and {Holman}, M.~J. and {Howard}, A.~W. and 
	{Ida}, S. and {Jenkins}, J. and {Jernigan}, G. and {Johnson}, J.~A. and 
	{Kaltenegger}, L. and {Kawai}, N. and {Kjeldsen}, H. and {Laughlin}, G. and 
	{Levine}, A.~M. and {Lin}, D. and {Lissauer}, J.~J. and {MacQueen}, P. and 
	{Marcy}, G. and {McCullough}, P.~R. and {Morton}, T.~D. and 
	{Narita}, N. and {Paegert}, M. and {Palle}, E. and {Pepe}, F. and 
	{Pepper}, J. and {Quirrenbach}, A. and {Rinehart}, S.~A. and 
	{Sasselov}, D. and {Sato}, B. and {Seager}, S. and {Sozzetti}, A. and 
	{Stassun}, K.~G. and {Sullivan}, P. and {Szentgyorgyi}, A. and 
	{Torres}, G. and {Udry}, S. and {Villasenor}, J.},
    title = "{Transiting Exoplanet Survey Satellite (TESS)}",
booktitle = {Space Telescopes and Instrumentation 2014: Optical, Infrared, and Millimeter Wave},
     year = 2014,
   series = {\procspie},
   volume = 9143,
archivePrefix = "arXiv",
   eprint = {1406.0151},
 primaryClass = "astro-ph.EP",
    month = aug,
      eid = {914320},
    pages = {914320},
      doi = {10.1117/12.2063489},
   adsurl = {http://adsabs.harvard.edu/abs/2014SPIE.9143E..20R},
  adsnote = {Provided by the SAO/NASA Astrophysics Data System}
}


@ARTICLE{Epstein2014,
   author = {{Epstein}, C.~R. and {Elsworth}, Y.~P. and {Johnson}, J.~A. and 
	{Shetrone}, M. and {Mosser}, B. and {Hekker}, S. and {Tayar}, J. and 
	{Harding}, P. and {Pinsonneault}, M. and {Silva Aguirre}, V. and 
	{Basu}, S. and {Beers}, T.~C. and {Bizyaev}, D. and {Bedding}, T.~R. and 
	{Chaplin}, W.~J. and {Frinchaboy}, P.~M. and {Garc{\'{\i}}a}, R.~A. and 
	{Garc{\'{\i}}a P{\'e}rez}, A.~E. and {Hearty}, F.~R. and {Huber}, D. and 
	{Ivans}, I.~I. and {Majewski}, S.~R. and {Mathur}, S. and {Nidever}, D. and 
	{Serenelli}, A. and {Schiavon}, R.~P. and {Schneider}, D.~P. and 
	{Sch{\"o}nrich}, R. and {Sobeck}, J.~S. and {Stassun}, K.~G. and 
	{Stello}, D. and {Zasowski}, G.},
    title = "{Testing the Asteroseismic Mass Scale Using Metal-poor Stars Characterized with APOGEE and Kepler}",
  journal = {\apjl},
archivePrefix = "arXiv",
   eprint = {1403.1872},
 primaryClass = "astro-ph.SR",
 keywords = {asteroseismology, Galaxy: halo, stars: fundamental parameters},
     year = 2014,
    month = apr,
   volume = 785,
      eid = {L28},
    pages = {L28},
      doi = {10.1088/2041-8205/785/2/L28},
   adsurl = {http://adsabs.harvard.edu/abs/2014ApJ...785L..28E},
  adsnote = {Provided by the SAO/NASA Astrophysics Data System}
}

@ARTICLE{Goldreich1994,
   author = {{Goldreich}, P. and {Murray}, N. and {Kumar}, P.},
    title = "{Excitation of solar p-modes}",
  journal = {\apj},
 keywords = {Acoustic Excitation, Entropy, Solar Convection (Astronomy), Sound Waves, Stellar Models, Sun, Turbulence, P Waves, Solar Atmosphere, Wave Equations},
     year = 1994,
    month = mar,
   volume = 424,
    pages = {466-479},
      doi = {10.1086/173904},
   adsurl = {http://adsabs.harvard.edu/abs/1994ApJ...424..466G},
  adsnote = {Provided by the SAO/NASA Astrophysics Data System}
}

@ARTICLE{Houdek2015,
   author = {{Houdek}, G. and {Dupret}, M.-A.},
    title = "{Interaction Between Convection and Pulsation}",
  journal = {Living Reviews in Solar Physics},
archivePrefix = "arXiv",
   eprint = {1601.03913},
 primaryClass = "astro-ph.SR",
 keywords = {Mode physics, Stellar convection, Time-dependent convection},
     year = 2015,
    month = dec,
   volume = 12,
      eid = {8},
    pages = {8},
      doi = {10.1007/lrsp-2015-8},
   adsurl = {http://adsabs.harvard.edu/abs/2015LRSP...12....8H},
  adsnote = {Provided by the SAO/NASA Astrophysics Data System}
}

@ARTICLE{Ludwig2016,
   author = {{Ludwig}, H.-G. and {Steffen}, M.},
    title = "{Hydrodynamical model atmospheres: Their impact on stellar spectroscopy and asteroseismology of late-type stars}",
  journal = {Astronomische Nachrichten},
archivePrefix = "arXiv",
   eprint = {1609.00219},
 primaryClass = "astro-ph.SR",
 keywords = {asteroseismology, convection, hydrodynamics, methods: numerical, stars: atmospheres, stars: late-type},
     year = 2016,
    month = sep,
   volume = 337,
    pages = {844},
      doi = {10.1002/asna.201612383},
   adsurl = {http://adsabs.harvard.edu/abs/2016AN....337..844L},
  adsnote = {Provided by the SAO/NASA Astrophysics Data System}
}

@ARTICLE{Collet2007,
   author = {{Collet}, R. and {Asplund}, M. and {Trampedach}, R.},
    title = "{Three-dimensional hydrodynamical simulations of surface convection in red giant stars. Impact on spectral line formation and abundance analysis}",
  journal = {\aap},
   eprint = {astro-ph/0703652},
 keywords = {convection, hydrodynamics, line: formation, stars: abundances, stars: late-type, stars: atmospheres},
     year = 2007,
    month = jul,
   volume = 469,
    pages = {687-706},
      doi = {10.1051/0004-6361:20066321},
   adsurl = {http://adsabs.harvard.edu/abs/2007A%26A...469..687C},
  adsnote = {Provided by the SAO/NASA Astrophysics Data System}
}


@ARTICLE{Davies2016,
   author = {{Davies}, G.~R. and {Silva Aguirre}, V. and {Bedding}, T.~R. and 
	{Handberg}, R. and {Lund}, M.~N. and {Chaplin}, W.~J. and {Huber}, D. and 
	{White}, T.~R. and {Benomar}, O. and {Hekker}, S. and {Basu}, S. and 
	{Campante}, T.~L. and {Christensen-Dalsgaard}, J. and {Elsworth}, Y. and 
	{Karoff}, C. and {Kjeldsen}, H. and {Lundkvist}, M.~S. and {Metcalfe}, T.~S. and 
	{Stello}, D.},
    title = "{Oscillation frequencies for 35 Kepler solar-type planet-hosting stars using Bayesian techniques and machine learning}",
  journal = {\mnras},
archivePrefix = "arXiv",
   eprint = {1511.02105},
 primaryClass = "astro-ph.SR",
 keywords = {asteroseismology, planets and satellites: fundamental parameters, stars: evolution, stars: fundamental parameters, stars: oscillations, planetary systems},
     year = 2016,
    month = feb,
   volume = 456,
    pages = {2183-2195},
      doi = {10.1093/mnras/stv2593},
   adsurl = {http://adsabs.harvard.edu/abs/2016MNRAS.456.2183D},
  adsnote = {Provided by the SAO/NASA Astrophysics Data System}
}

@ARTICLE{Cranmer2014,
   author = {{Cranmer}, S.~R. and {Bastien}, F.~A. and {Stassun}, K.~G. and 
	{Saar}, S.~H.},
    title = "{Stellar Granulation as the Source of High-frequency Flicker in Kepler Light Curves}",
  journal = {\apj},
archivePrefix = "arXiv",
   eprint = {1312.5928},
 primaryClass = "astro-ph.SR",
 keywords = {convection, stars: activity, stars: solar-type, starspots, techniques: photometric},
     year = 2014,
    month = feb,
   volume = 781,
      eid = {124},
    pages = {124},
      doi = {10.1088/0004-637X/781/2/124},
   adsurl = {http://adsabs.harvard.edu/abs/2014ApJ...781..124C},
  adsnote = {Provided by the SAO/NASA Astrophysics Data System}
}


@ARTICLE{Belkacem2011,
   author = {{Belkacem}, K. and {Goupil}, M.~J. and {Dupret}, M.~A. and {Samadi}, R. and 
	{Baudin}, F. and {Noels}, A. and {Mosser}, B.},
    title = "{The underlying physical meaning of the {$\nu$}$_{max}$ - {$\nu$}$_{c}$ relation}",
  journal = {\aap},
archivePrefix = "arXiv",
   eprint = {1104.0630},
 primaryClass = "astro-ph.SR",
 keywords = {convection, turbulence, stars: oscillations, stars: interiors},
     year = 2011,
    month = jun,
   volume = 530,
      eid = {A142},
    pages = {A142},
      doi = {10.1051/0004-6361/201116490},
   adsurl = {http://adsabs.harvard.edu/abs/2011A%26A...530A.142B},
  adsnote = {Provided by the SAO/NASA Astrophysics Data System}
}

@ARTICLE{White2011,
   author = {{White}, T.~R. and {Bedding}, T.~R. and {Stello}, D. and {Christensen-Dalsgaard}, J. and 
	{Huber}, D. and {Kjeldsen}, H.},
    title = "{Calculating Asteroseismic Diagrams for Solar-like Oscillations}",
  journal = {\apj},
archivePrefix = "arXiv",
   eprint = {1109.3455},
 primaryClass = "astro-ph.SR",
 keywords = {stars: fundamental parameters, stars: interiors, stars: oscillations},
     year = 2011,
    month = dec,
   volume = 743,
      eid = {161},
    pages = {161},
      doi = {10.1088/0004-637X/743/2/161},
   adsurl = {http://adsabs.harvard.edu/abs/2011ApJ...743..161W},
  adsnote = {Provided by the SAO/NASA Astrophysics Data System}
}


@ARTICLE{Guggenberger2016,
   author = {{Guggenberger}, E. and {Hekker}, S. and {Basu}, S. and {Bellinger}, E.
	},
    title = "{Significantly improving stellar mass and radius estimates: a new reference function for the {$\Delta$}{$\nu$} scaling relation}",
  journal = {\mnras},
archivePrefix = "arXiv",
   eprint = {1606.01917},
 primaryClass = "astro-ph.SR",
 keywords = {asteroseismology, stars: fundamental parameters, stars: general, stars: oscillations},
     year = 2016,
    month = aug,
   volume = 460,
    pages = {4277-4281},
      doi = {10.1093/mnras/stw1326},
   adsurl = {http://adsabs.harvard.edu/abs/2016MNRAS.460.4277G},
  adsnote = {Provided by the SAO/NASA Astrophysics Data System}
}


@ARTICLE{Ulrich1986,
   author = {{Ulrich}, R.~K.},
    title = "{Determination of stellar ages from asteroseismology}",
  journal = {\apjl},
 keywords = {Cepheid Variables, Chronology, Stellar Evolution, Stellar Oscillations, Plasma Diagnostics, Plasma Frequencies, Seismology, Stellar Models},
     year = 1986,
    month = jul,
   volume = 306,
    pages = {L37-L40},
      doi = {10.1086/184700},
   adsurl = {http://adsabs.harvard.edu/abs/1986ApJ...306L..37U},
  adsnote = {Provided by the SAO/NASA Astrophysics Data System}
}

@ARTICLE{Sharma2016,
   author = {{Sharma}, S. and {Stello}, D. and {Bland-Hawthorn}, J. and {Huber}, D. and 
	{Bedding}, T.~R.},
    title = "{Stellar Population Synthesis Based Modeling of the Milky Way Using Asteroseismology of 13,000 Kepler Red Giants}",
  journal = {\apj},
archivePrefix = "arXiv",
   eprint = {1603.05661},
 keywords = {asteroseismology, Galaxy: disk, Galaxy: stellar content, Galaxy: structure, stars: fundamental parameters},
     year = 2016,
    month = may,
   volume = 822,
      eid = {15},
    pages = {15},
      doi = {10.3847/0004-637X/822/1/15},
   adsurl = {http://adsabs.harvard.edu/abs/2016ApJ...822...15S},
  adsnote = {Provided by the SAO/NASA Astrophysics Data System}
}


@ARTICLE{Stello2009,
   author = {{Stello}, D. and {Chaplin}, W.~J. and {Basu}, S. and {Elsworth}, Y. and 
	{Bedding}, T.~R.},
    title = "{The relation between {$\Delta$}{$\nu$} and {$\nu$}$_{max}$ for solar-like oscillations}",
  journal = {\mnras},
archivePrefix = "arXiv",
   eprint = {0909.5193},
 primaryClass = "astro-ph.SR",
 keywords = {stars: fundamental parameters , stars: interiors , stars: oscillations},
     year = 2009,
    month = nov,
   volume = 400,
    pages = {L80-L84},
      doi = {10.1111/j.1745-3933.2009.00767.x},
   adsurl = {http://adsabs.harvard.edu/abs/2009MNRAS.400L..80S},
  adsnote = {Provided by the SAO/NASA Astrophysics Data System}
}

@ARTICLE{Serenelli2017,
   author = {{Serenelli}, A. and {Johnson}, J. and {Huber}, D. and {Pinsonneault}, M. and 
	{Ball}, W.~H. and {Tayar}, J. and {Silva Aguirre}, V. and {Basu}, S. and 
	{Troup}, N. and {Hekker}, S. and {Kallinger}, T. and {Stello}, D. and 
	{Davies}, G.~R. and {Lund}, M.~N. and {Mathur}, S. and {Mosser}, B. and 
	{Stassun}, K.~G. and {Chaplin}, W.~J. and {Elsworth}, Y. and 
	{Garc{\'{\i}}a}, R.~A. and {Handberg}, R. and {Holtzman}, J. and 
	{Hearty}, F. and {Garc{\'{\i}}a-Hern{\'a}ndez}, D.~A. and {Gaulme}, P. and 
	{Zamora}, O.},
    title = "{The First APOKASC Catalog of Kepler Dwarf and Subgiant Stars}",
  journal = {\apjs},
archivePrefix = "arXiv",
   eprint = {1710.06858},
 primaryClass = "astro-ph.SR",
 keywords = {asteroseismology, catalogs, stars: fundamental parameters, surveys },
     year = 2017,
    month = dec,
   volume = 233,
      eid = {23},
    pages = {23},
      doi = {10.3847/1538-4365/aa97df},
   adsurl = {http://adsabs.harvard.edu/abs/2017ApJS..233...23S},
  adsnote = {Provided by the SAO/NASA Astrophysics Data System}
}


@ARTICLE{Hekker2011,
   author = {{Hekker}, S. and {Elsworth}, Y. and {De Ridder}, J. and {Mosser}, B. and 
	{Garc{\'{\i}}a}, R.~A. and {Kallinger}, T. and {Mathur}, S. and 
	{Huber}, D. and {Buzasi}, D.~L. and {Preston}, H.~L. and {Hale}, S.~J. and 
	{Ballot}, J. and {Chaplin}, W.~J. and {R{\'e}gulo}, C. and {Bedding}, T.~R. and 
	{Stello}, D. and {Borucki}, W.~J. and {Koch}, D.~G. and {Jenkins}, J. and 
	{Allen}, C. and {Gilliland}, R.~L. and {Kjeldsen}, H. and {Christensen-Dalsgaard}, J.
	},
    title = "{Solar-like oscillations in red giants observed with Kepler: comparison of global oscillation parameters from different methods}",
  journal = {\aap},
archivePrefix = "arXiv",
   eprint = {1008.2959},
 primaryClass = "astro-ph.SR",
 keywords = {asteroseismology, stars: late-type, methods: observational, techniques: photometric},
     year = 2011,
    month = jan,
   volume = 525,
      eid = {A131},
    pages = {A131},
      doi = {10.1051/0004-6361/201015185},
   adsurl = {http://adsabs.harvard.edu/abs/2011A%26A...525A.131H},
  adsnote = {Provided by the SAO/NASA Astrophysics Data System}
}


@ARTICLE{Stello2017,
   author = {{Stello}, D. and {Zinn}, J. and {Elsworth}, Y. and {Garcia}, R.~A. and 
	{Kallinger}, T. and {Mathur}, S. and {Mosser}, B. and {Sharma}, S. and 
	{Chaplin}, W.~J. and {Davies}, G. and {Huber}, D. and {Jones}, C.~D. and 
	{Miglio}, A. and {Silva Aguirre}, V.},
    title = "{The K2 Galactic Archaeology Program Data Release. I. Asteroseismic Results from Campaign 1}",
  journal = {\apj},
archivePrefix = "arXiv",
   eprint = {1611.09852},
 primaryClass = "astro-ph.SR",
 keywords = {Galaxy: general, planetary systems, stars: fundamental parameters, stars: interiors, stars: oscillations: including pulsations},
     year = 2017,
    month = jan,
   volume = 835,
      eid = {83},
    pages = {83},
      doi = {10.3847/1538-4357/835/1/83},
   adsurl = {http://adsabs.harvard.edu/abs/2017ApJ...835...83S},
  adsnote = {Provided by the SAO/NASA Astrophysics Data System}
}


@ARTICLE{Mosser2012,
   author = {{Mosser}, B. and {Elsworth}, Y. and {Hekker}, S. and {Huber}, D. and 
	{Kallinger}, T. and {Mathur}, S. and {Belkacem}, K. and {Goupil}, M.~J. and 
	{Samadi}, R. and {Barban}, C. and {Bedding}, T.~R. and {Chaplin}, W.~J. and 
	{Garc{\'{\i}}a}, R.~A. and {Stello}, D. and {De Ridder}, J. and 
	{Middour}, C.~K. and {Morris}, R.~L. and {Quintana}, E.~V.},
    title = "{Characterization of the power excess of solar-like oscillations in red giants with Kepler}",
  journal = {\aap},
archivePrefix = "arXiv",
   eprint = {1110.0980},
 primaryClass = "astro-ph.SR",
 keywords = {stars: oscillations, stars: interiors, stars: evolution, stars: mass-loss, stars: late-type, methods: data analysis},
     year = 2012,
    month = jan,
   volume = 537,
      eid = {A30},
    pages = {A30},
      doi = {10.1051/0004-6361/201117352},
   adsurl = {http://adsabs.harvard.edu/abs/2012A%26A...537A..30M},
  adsnote = {Provided by the SAO/NASA Astrophysics Data System}
}


@ARTICLE{Huber2010,
   author = {{Huber}, D. and {Bedding}, T.~R. and {Stello}, D. and {Mosser}, B. and 
	{Mathur}, S. and {Kallinger}, T. and {Hekker}, S. and {Elsworth}, Y.~P. and 
	{Buzasi}, D.~L. and {De Ridder}, J. and {Gilliland}, R.~L. and 
	{Kjeldsen}, H. and {Chaplin}, W.~J. and {Garc{\'{\i}}a}, R.~A. and 
	{Hale}, S.~J. and {Preston}, H.~L. and {White}, T.~R. and {Borucki}, W.~J. and 
	{Christensen-Dalsgaard}, J. and {Clarke}, B.~D. and {Jenkins}, J.~M. and 
	{Koch}, D.},
    title = "{Asteroseismology of Red Giants from the First Four Months of Kepler Data: Global Oscillation Parameters for 800 Stars}",
  journal = {\apj},
archivePrefix = "arXiv",
   eprint = {1010.4566},
 primaryClass = "astro-ph.SR",
 keywords = {stars: late-type, stars: oscillations},
     year = 2010,
    month = nov,
   volume = 723,
    pages = {1607-1617},
      doi = {10.1088/0004-637X/723/2/1607},
   adsurl = {http://adsabs.harvard.edu/abs/2010ApJ...723.1607H},
  adsnote = {Provided by the SAO/NASA Astrophysics Data System}
}


@ARTICLE{Kallinger2014,
   author = {{Kallinger}, T. and {De Ridder}, J. and {Hekker}, S. and {Mathur}, S. and 
	{Mosser}, B. and {Gruberbauer}, M. and {Garc{\'{\i}}a}, R.~A. and 
	{Karoff}, C. and {Ballot}, J.},
    title = "{The connection between stellar granulation and oscillation as seen by the Kepler mission}",
  journal = {\aap},
archivePrefix = "arXiv",
   eprint = {1408.0817},
 primaryClass = "astro-ph.SR",
 keywords = {stars: late-type, stars: oscillations (including pulsations), stars: fundamental parameters, stars: solar-type},
     year = 2014,
    month = oct,
   volume = 570,
      eid = {A41},
    pages = {A41},
      doi = {10.1051/0004-6361/201424313},
   adsurl = {http://adsabs.harvard.edu/abs/2014A%26A...570A..41K},
  adsnote = {Provided by the SAO/NASA Astrophysics Data System}
}

@INPROCEEDINGS{Aigrain2003,
   author = {{Aigrain}, S. and {Gilmore}, G. and {Favata}, F. and {Carpano}, S.
	},
    title = "{The Frequency Content of the VIRGO/SoHO Light Curves: Implications for Planetary Transit Detection from Space}",
booktitle = {Scientific Frontiers in Research on Extrasolar Planets},
     year = 2003,
   series = {Astronomical Society of the Pacific Conference Series},
   volume = 294,
   eprint = {astro-ph/0208529},
   editor = {{Deming}, D. and {Seager}, S.},
    pages = {441-444},
   adsurl = {http://adsabs.harvard.edu/abs/2003ASPC..294..441A},
  adsnote = {Provided by the SAO/NASA Astrophysics Data System}
}


@ARTICLE{Campante2014,
   author = {{Campante}, T.~L. and {Chaplin}, W.~J. and {Lund}, M.~N. and 
	{Huber}, D. and {Hekker}, S. and {Garc{\'{\i}}a}, R.~A. and 
	{Corsaro}, E. and {Handberg}, R. and {Miglio}, A. and {Arentoft}, T. and 
	{Basu}, S. and {Bedding}, T.~R. and {Christensen-Dalsgaard}, J. and 
	{Davies}, G.~R. and {Elsworth}, Y.~P. and {Gilliland}, R.~L. and 
	{Karoff}, C. and {Kawaler}, S.~D. and {Kjeldsen}, H. and {Lundkvist}, M. and 
	{Metcalfe}, T.~S. and {Silva Aguirre}, V. and {Stello}, D.},
    title = "{Limits on Surface Gravities of Kepler Planet-candidate Host Stars from Non-detection of Solar-like Oscillations}",
  journal = {\apj},
archivePrefix = "arXiv",
   eprint = {1401.6324},
 primaryClass = "astro-ph.SR",
 keywords = {methods: statistical, planetary systems, stars: late-type, stars: oscillations, techniques: photometric},
     year = 2014,
    month = mar,
   volume = 783,
      eid = {123},
    pages = {123},
      doi = {10.1088/0004-637X/783/2/123},
   adsurl = {http://adsabs.harvard.edu/abs/2014ApJ...783..123C},
  adsnote = {Provided by the SAO/NASA Astrophysics Data System}
}


@INPROCEEDINGS{Harvey1985,
   author = {{Harvey}, J.},
    title = "{High-resolution helioseismology}",
 keywords = {Helioseismology, Soho Mission, Solar Oscillations, Solar Physics, Solar Interior, Solar Observatories, Solar Spectra, Spaceborne Astronomy, Spectral Resolution},
booktitle = {Future Missions in Solar, Heliospheric \& Space Plasma Physics},
     year = 1985,
   series = {ESA Special Publication},
   volume = 235,
   editor = {{Rolfe}, E. and {Battrick}, B.},
    month = jun,
   adsurl = {http://adsabs.harvard.edu/abs/1985ESASP.235..199H},
  adsnote = {Provided by the SAO/NASA Astrophysics Data System}
}


@ARTICLE{Samadi2013,
   author = {{Samadi}, R. and {Belkacem}, K. and {Ludwig}, H.-G. and {Caffau}, E. and 
	{Campante}, T.~L. and {Davies}, G.~R. and {Kallinger}, T. and 
	{Lund}, M.~N. and {Mosser}, B. and {Baglin}, A. and {Mathur}, S. and 
	{Garcia}, R.~A.},
    title = "{Stellar granulation as seen in disk-integrated intensity. II. Theoretical scaling relations compared with observations}",
  journal = {\aap},
archivePrefix = "arXiv",
   eprint = {1309.1488},
 primaryClass = "astro-ph.SR",
 keywords = {convection, turbulence, Sun: granulation, stars: oscillations, stars: atmospheres},
     year = 2013,
    month = nov,
   volume = 559,
      eid = {A40},
    pages = {A40},
      doi = {10.1051/0004-6361/201220817},
   adsurl = {http://adsabs.harvard.edu/abs/2013A%26A...559A..40S},
  adsnote = {Provided by the SAO/NASA Astrophysics Data System}
}


@ARTICLE{Karoff2013,
   author = {{Karoff}, C. and {Campante}, T.~L. and {Ballot}, J. and {Kallinger}, T. and 
	{Gruberbauer}, M. and {Garc{\'{\i}}a}, R.~A. and {Caldwell}, D.~A. and 
	{Christiansen}, J.~L. and {Kinemuchi}, K.},
    title = "{Observations of Intensity Fluctuations Attributed to Granulation and Faculae on Sun-like Stars from the Kepler Mission}",
  journal = {\apj},
archivePrefix = "arXiv",
   eprint = {1302.5563},
 primaryClass = "astro-ph.SR",
 keywords = {stars: activity, stars: individual: KIC 6603624 KIC 6933899 KIC 11244118, stars: oscillations, stars: solar-type},
     year = 2013,
    month = apr,
   volume = 767,
      eid = {34},
    pages = {34},
      doi = {10.1088/0004-637X/767/1/34},
   adsurl = {http://adsabs.harvard.edu/abs/2013ApJ...767...34K},
  adsnote = {Provided by the SAO/NASA Astrophysics Data System}
}


@ARTICLE{Kipping,
   author = {{Kipping}, D.~M. and {Bastien}, F.~A. and {Stassun}, K.~G. and 
	{Chaplin}, W.~J. and {Huber}, D. and {Buchhave}, L.~A.},
    title = "{Flicker as a Tool for Characterizing Planets Through Asterodensity Profiling}",
  journal = {\apjl},
archivePrefix = "arXiv",
   eprint = {1403.5264},
 primaryClass = "astro-ph.EP",
 keywords = {planetary systems, stars: activity, stars: solar-type, techniques: photometric},
     year = 2014,
    month = apr,
   volume = 785,
      eid = {L32},
    pages = {L32},
      doi = {10.1088/2041-8205/785/2/L32},
   adsurl = {http://adsabs.harvard.edu/abs/2014ApJ...785L..32K},
  adsnote = {Provided by the SAO/NASA Astrophysics Data System}
}

@ARTICLE{Kjeldsen1995,
   author = {{Kjeldsen}, H. and {Bedding}, T.~R.},
    title = "{Amplitudes of stellar oscillations: the implications for asteroseismology.}",
  journal = {\aap},
   eprint = {astro-ph/9403015},
 keywords = {SUN: OSCILLATIONS, STARS: INDIVIDUAL: $\{$ALPHA$\}$ CEN, STARS: INDIVIDUAL: PROCYON, STARS: OSCILLATIONS, CEPHEIDS, $\{$DELTA$\}$ SCT},
     year = 1995,
    month = jan,
   volume = 293,
    pages = {87-106},
   adsurl = {http://adsabs.harvard.edu/abs/1995A%26A...293...87K},
  adsnote = {Provided by the SAO/NASA Astrophysics Data System}
}


@ARTICLE{Yu2018,
   author = {{Yu}, J. and {Huber}, D. and {Bedding}, T.~R. and {Stello}, D. and 
	{Hon}, M. and {Murphy}, S.~J. and {Khanna}, S.},
    title = "{Asteroseismology of 16000 Kepler red giants: Global oscillation parameters, Masses, and radii}",
  journal = {ArXiv e-prints},
archivePrefix = "arXiv",
   eprint = {1802.04455},
 primaryClass = "astro-ph.SR",
 keywords = {Astrophysics - Solar and Stellar Astrophysics},
     year = 2018,
    month = feb,
   adsurl = {http://adsabs.harvard.edu/abs/2018arXiv180204455Y},
  adsnote = {Provided by the SAO/NASA Astrophysics Data System}
}

@ARTICLE{Viani2017,
   author = {{Viani}, L.~S. and {Basu}, S. and {Chaplin}, W.~J. and {Davies}, G.~R. and 
	{Elsworth}, Y.},
    title = "{Changing the {$\nu$} $_{max}$ Scaling Relation: The Need for a Mean Molecular Weight Term}",
  journal = {\apj},
archivePrefix = "arXiv",
   eprint = {1705.03472},
 primaryClass = "astro-ph.SR",
 keywords = {stars: fundamental parameters, stars: interiors, stars: oscillations},
     year = 2017,
    month = jul,
   volume = 843,
      eid = {11},
    pages = {11},
      doi = {10.3847/1538-4357/aa729c},
   adsurl = {http://adsabs.harvard.edu/abs/2017ApJ...843...11V},
  adsnote = {Provided by the SAO/NASA Astrophysics Data System}
}


@ARTICLE{Bastien2013,
   author = {{Bastien}, F.~A. and {Stassun}, K.~G. and {Basri}, G. and {Pepper}, J.
	},
    title = "{An observational correlation between stellar brightness variations and surface gravity}",
  journal = {\nat},
archivePrefix = "arXiv",
   eprint = {1308.4728},
 primaryClass = "astro-ph.SR",
     year = 2013,
    month = aug,
   volume = 500,
    pages = {427-430},
      doi = {10.1038/nature12419},
   adsurl = {http://adsabs.harvard.edu/abs/2013Natur.500..427B},
  adsnote = {Provided by the SAO/NASA Astrophysics Data System}
}

@ARTICLE{Corsaro2017,
   author = {{Corsaro}, E. and {Mathur}, S. and {Garc{\'{\i}}a}, R.~A. and 
	{Gaulme}, P. and {Pinsonneault}, M. and {Stassun}, K. and {Stello}, D. and 
	{Tayar}, J. and {Trampedach}, R. and {Jiang}, C. and {Nitschelm}, C. and 
	{Salabert}, D.},
    title = "{Metallicity effect on stellar granulation detected from oscillating red giants in open clusters}",
  journal = {\aap},
archivePrefix = "arXiv",
   eprint = {1707.07474},
 primaryClass = "astro-ph.SR",
 keywords = {stars: oscillations, methods: numerical, methods: statistical, stars: late-type, open clusters and associations: general, stars: fundamental parameters},
     year = 2017,
    month = aug,
   volume = 605,
      eid = {A3},
    pages = {A3},
      doi = {10.1051/0004-6361/201731094},
   adsurl = {http://adsabs.harvard.edu/abs/2017A%26A...605A...3C},
  adsnote = {Provided by the SAO/NASA Astrophysics Data System}
}


@ARTICLE{Bastien2016,
   author = {{Bastien}, F.~A. and {Stassun}, K.~G. and {Basri}, G. and {Pepper}, J.
	},
    title = "{A Granulation ``Flicker''-based Measure of Stellar Surface Gravity}",
  journal = {\apj},
archivePrefix = "arXiv",
   eprint = {1512.03454},
 primaryClass = "astro-ph.SR",
 keywords = {stars: fundamental parameters, stars: general, stars: solar-type, techniques: photometric},
     year = 2016,
    month = feb,
   volume = 818,
      eid = {43},
    pages = {43},
      doi = {10.3847/0004-637X/818/1/43},
   adsurl = {http://adsabs.harvard.edu/abs/2016ApJ...818...43B},
  adsnote = {Provided by the SAO/NASA Astrophysics Data System}
}

@ARTICLE{Huber2011,
   author = {{Huber}, D. and {Bedding}, T.~R. and {Stello}, D. and {Hekker}, S. and 
	{Mathur}, S. and {Mosser}, B. and {Verner}, G.~A. and {Bonanno}, A. and 
	{Buzasi}, D.~L. and {Campante}, T.~L. and {Elsworth}, Y.~P. and 
	{Hale}, S.~J. and {Kallinger}, T. and {Silva Aguirre}, V. and 
	{Chaplin}, W.~J. and {De Ridder}, J. and {Garc{\'{\i}}a}, R.~A. and 
	{Appourchaux}, T. and {Frandsen}, S. and {Houdek}, G. and {Molenda-{\.Z}akowicz}, J. and 
	{Monteiro}, M.~J.~P.~F.~G. and {Christensen-Dalsgaard}, J. and 
	{Gilliland}, R.~L. and {Kawaler}, S.~D. and {Kjeldsen}, H. and 
	{Broomhall}, A.~M. and {Corsaro}, E. and {Salabert}, D. and 
	{Sanderfer}, D.~T. and {Seader}, S.~E. and {Smith}, J.~C.},
    title = "{Testing Scaling Relations for Solar-like Oscillations from the Main Sequence to Red Giants Using Kepler Data}",
  journal = {\apj},
archivePrefix = "arXiv",
   eprint = {1109.3460},
 primaryClass = "astro-ph.SR",
 keywords = {stars: late-type, stars: oscillations, techniques: photometric},
     year = 2011,
    month = dec,
   volume = 743,
      eid = {143},
    pages = {143},
      doi = {10.1088/0004-637X/743/2/143},
   adsurl = {http://adsabs.harvard.edu/abs/2011ApJ...743..143H},
  adsnote = {Provided by the SAO/NASA Astrophysics Data System}
}


@ARTICLE{Brown1991,
   author = {{Brown}, T.~M. and {Gilliland}, R.~L. and {Noyes}, R.~W. and 
	{Ramsey}, L.~W.},
    title = "{Detection of possible p-mode oscillations on Procyon}",
  journal = {\apj},
 keywords = {F Stars, Late Stars, Stellar Oscillations, Subgiant Stars, Charge Coupled Devices, Doppler Effect, Power Spectra, Stellar Luminosity, Stellar Temperature},
     year = 1991,
    month = feb,
   volume = 368,
    pages = {599-609},
      doi = {10.1086/169725},
   adsurl = {http://adsabs.harvard.edu/abs/1991ApJ...368..599B},
  adsnote = {Provided by the SAO/NASA Astrophysics Data System}
}


@ARTICLE{Lund2017,
   author = {{Lund}, M.~N. and {Silva Aguirre}, V. and {Davies}, G.~R. and 
	{Chaplin}, W.~J. and {Christensen-Dalsgaard}, J. and {Houdek}, G. and 
	{White}, T.~R. and {Bedding}, T.~R. and {Ball}, W.~H. and {Huber}, D. and 
	{Antia}, H.~M. and {Lebreton}, Y. and {Latham}, D.~W. and {Handberg}, R. and 
	{Verma}, K. and {Basu}, S. and {Casagrande}, L. and {Justesen}, A.~B. and 
	{Kjeldsen}, H. and {Mosumgaard}, J.~R.},
    title = "{Standing on the Shoulders of Dwarfs: the Kepler Asteroseismic LEGACY Sample. I. Oscillation Mode Parameters}",
  journal = {\apj},
archivePrefix = "arXiv",
   eprint = {1612.00436},
 primaryClass = "astro-ph.SR",
 keywords = {asteroseismology, stars: evolution, stars: fundamental parameters, stars: oscillations},
     year = 2017,
    month = feb,
   volume = 835,
      eid = {172},
    pages = {172},
      doi = {10.3847/1538-4357/835/2/172},
   adsurl = {http://adsabs.harvard.edu/abs/2017ApJ...835..172L},
  adsnote = {Provided by the SAO/NASA Astrophysics Data System}
}

@ARTICLE{Janes2017,
   author = {{Janes}, K.~A.},
    title = "{Rotation Periods of Wide Binaries in the Kepler Field}",
  journal = {\apj},
archivePrefix = "arXiv",
   eprint = {1612.00070},
 primaryClass = "astro-ph.SR",
 keywords = {binaries: visual, proper motions, stars: activity},
     year = 2017,
    month = jan,
   volume = 835,
      eid = {75},
    pages = {75},
      doi = {10.3847/1538-4357/835/1/75},
   adsurl = {http://adsabs.harvard.edu/abs/2017ApJ...835...75J},
  adsnote = {Provided by the SAO/NASA Astrophysics Data System}
}




@ARTICLE{SA2015,
   author = {{Silva Aguirre}, V. and {Davies}, G.~R. and {Basu}, S. and {Christensen-Dalsgaard}, J. and 
	{Creevey}, O. and {Metcalfe}, T.~S. and {Bedding}, T.~R. and 
	{Casagrande}, L. and {Handberg}, R. and {Lund}, M.~N. and {Nissen}, P.~E. and 
	{Chaplin}, W.~J. and {Huber}, D. and {Serenelli}, A.~M. and 
	{Stello}, D. and {Van Eylen}, V. and {Campante}, T.~L. and {Elsworth}, Y. and 
	{Gilliland}, R.~L. and {Hekker}, S. and {Karoff}, C. and {Kawaler}, S.~D. and 
	{Kjeldsen}, H. and {Lundkvist}, M.~S.},
    title = "{Ages and fundamental properties of Kepler exoplanet host stars from asteroseismology}",
  journal = {\mnras},
archivePrefix = "arXiv",
   eprint = {1504.07992},
 primaryClass = "astro-ph.SR",
 keywords = {asteroseismology, planets and satellites: fundamental parameters, stars: evolution, stars: fundamental parameters, stars: oscillations, planetary systems},
     year = 2015,
    month = sep,
   volume = 452,
    pages = {2127-2148},
      doi = {10.1093/mnras/stv1388},
   adsurl = {http://adsabs.harvard.edu/abs/2015MNRAS.452.2127S},
  adsnote = {Provided by the SAO/NASA Astrophysics Data System}
}


@ARTICLE{Casagrande2016,
   author = {{Casagrande}, L. and {Silva Aguirre}, V. and {Schlesinger}, K.~J. and 
	{Stello}, D. and {Huber}, D. and {Serenelli}, A.~M. and {Sch{\"o}nrich}, R. and 
	{Cassisi}, S. and {Pietrinferni}, A. and {Hodgkin}, S. and {Milone}, A.~P. and 
	{Feltzing}, S. and {Asplund}, M.},
    title = "{Measuring the vertical age structure of the Galactic disc using asteroseismology and SAGA}",
  journal = {\mnras},
archivePrefix = "arXiv",
   eprint = {1510.01376},
 keywords = {asteroseismology, stars: distances, stars: fundamental parameters, stars: general, Galaxy: disc, Galaxy: evolution},
     year = 2016,
    month = jan,
   volume = 455,
    pages = {987-1007},
      doi = {10.1093/mnras/stv2320},
   adsurl = {http://adsabs.harvard.edu/abs/2016MNRAS.455..987C},
  adsnote = {Provided by the SAO/NASA Astrophysics Data System}
}



@ARTICLE{Handberg2014,
   author = {{Handberg}, R. and {Lund}, M.~N.},
    title = "{Automated preparation of Kepler time series of planet hosts for asteroseismic analysis}",
  journal = {\mnras},
archivePrefix = "arXiv",
   eprint = {1409.1366},
 primaryClass = "astro-ph.IM",
 keywords = {methods: data analysis, stars: oscillations, planetary systems},
     year = 2014,
    month = dec,
   volume = 445,
    pages = {2698-2709},
      doi = {10.1093/mnras/stu1823},
   adsurl = {http://adsabs.harvard.edu/abs/2014MNRAS.445.2698H},
  adsnote = {Provided by the SAO/NASA Astrophysics Data System}
}


@ARTICLE{Ness2018,
   author = {{Ness}, M.},
    title = "{The Data-Driven Approach to Spectroscopic Analyses}",
  journal = {\pasa},
 keywords = {methods: analytical, methods: data analysis, Galaxy: stellar content, Galaxy: abundances, Galaxy: evolution, Galaxy: formation},
     year = 2018,
    month = jan,
   volume = 35,
      eid = {e003},
    pages = {e003},
      doi = {10.1017/pasa.2017.53},
   adsurl = {http://adsabs.harvard.edu/abs/2018PASA...35....3N},
  adsnote = {Provided by the SAO/NASA Astrophysics Data System}
}


@ARTICLE{GP2016,
   author = {{Garc{\'{\i}}a P{\'e}rez}, A.~E. and {Allende Prieto}, C. and 
	{Holtzman}, J.~A. and {Shetrone}, M. and {M{\'e}sz{\'a}ros}, S. and 
	{Bizyaev}, D. and {Carrera}, R. and {Cunha}, K. and {Garc{\'{\i}}a-Hern{\'a}ndez}, D.~A. and 
	{Johnson}, J.~A. and {Majewski}, S.~R. and {Nidever}, D.~L. and 
	{Schiavon}, R.~P. and {Shane}, N. and {Smith}, V.~V. and {Sobeck}, J. and 
	{Troup}, N. and {Zamora}, O. and {Weinberg}, D.~H. and {Bovy}, J. and 
	{Eisenstein}, D.~J. and {Feuillet}, D. and {Frinchaboy}, P.~M. and 
	{Hayden}, M.~R. and {Hearty}, F.~R. and {Nguyen}, D.~C. and 
	{O'Connell}, R.~W. and {Pinsonneault}, M.~H. and {Wilson}, J.~C. and 
	{Zasowski}, G.},
    title = "{ASPCAP: The APOGEE Stellar Parameter and Chemical Abundances Pipeline}",
  journal = {\aj},
archivePrefix = "arXiv",
   eprint = {1510.07635},
 primaryClass = "astro-ph.SR",
 keywords = {Galaxy: center, Galaxy: structure, methods: data analysis, stars: abundances, stars: atmospheres},
     year = 2016,
    month = jun,
   volume = 151,
      eid = {144},
    pages = {144},
      doi = {10.3847/0004-6256/151/6/144},
   adsurl = {http://adsabs.harvard.edu/abs/2016AJ....151..144G},
  adsnote = {Provided by the SAO/NASA Astrophysics Data System}
}


@ARTICLE{Chaplin2013,
   author = {{Chaplin}, W.~J. and {Miglio}, A.},
    title = "{Asteroseismology of Solar-Type and Red-Giant Stars}",
  journal = {\araa},
archivePrefix = "arXiv",
   eprint = {1303.1957},
 primaryClass = "astro-ph.SR",
     year = 2013,
    month = aug,
   volume = 51,
    pages = {353-392},
      doi = {10.1146/annurev-astro-082812-140938},
   adsurl = {http://adsabs.harvard.edu/abs/2013ARA\%26A..51..353C},
  adsnote = {Provided by the SAO/NASA Astrophysics Data System}
}



@ARTICLE{Mathur,
   author = {{Mathur}, S. and {Hekker}, S. and {Trampedach}, R. and {Ballot}, J. and 
	{Kallinger}, T. and {Buzasi}, D. and {Garc{\'{\i}}a}, R.~A. and 
	{Huber}, D. and {Jim{\'e}nez}, A. and {Mosser}, B. and {Bedding}, T.~R. and 
	{Elsworth}, Y. and {R{\'e}gulo}, C. and {Stello}, D. and {Chaplin}, W.~J. and 
	{De Ridder}, J. and {Hale}, S.~J. and {Kinemuchi}, K. and {Kjeldsen}, H. and 
	{Mullally}, F. and {Thompson}, S.~E.},
    title = "{Granulation in Red Giants: Observations by the Kepler Mission and Three-dimensional Convection Simulations}",
  journal = {\apj},
archivePrefix = "arXiv",
   eprint = {1109.1194},
 primaryClass = "astro-ph.SR",
 keywords = {methods: data analysis, stars: late-type},
     year = 2011,
    month = nov,
   volume = 741,
      eid = {119},
    pages = {119},
      doi = {10.1088/0004-637X/741/2/119},
   adsurl = {http://adsabs.harvard.edu/abs/2011ApJ...741..119M},
  adsnote = {Provided by the SAO/NASA Astrophysics Data System}
}


@ARTICLE{D2015,
   author = {{Debattista}, V.~P. and {Ness}, M. and {Earp}, S.~W.~F. and
    {Cole}, D.~R.},
    title = "{A Kiloparsec-scale Nuclear Stellar Disk in the Milky Way as a Possible Explanation of the High Velocity Peaks in the Galactic Bulge}",
  journal = {\apjl},
archivePrefix = "arXiv",
   eprint = {1507.01433},
 keywords = {Galaxy: bulge, Galaxy: evolution, Galaxy: formation, Galaxy: kinematics and dynamics, Galaxy: stellar content},
     year = 2015,
    month = oct,
   volume = 812,
      eid = {L16},
    pages = {L16},
      doi = {10.1088/2041-8205/812/1/L16},
   adsurl = {http://adsabs.harvard.edu/abs/2015ApJ...812L..16D},
  adsnote = {Provided by the SAO/NASA Astrophysics Data System}
}


@ARTICLE{BH2019,
   author = {{Bland-Hawthorn}, J. and {Sharma}, S. and {Tepper-Garcia}, T. and 
	{Binney}, J. and {Freeman}, K.~C. and {Hayden}, M.~R. and {Kos}, J. and 
	{De Silva}, G.~M. and {Ellis}, S. and {Lewis}, G.~F. and {Asplund}, M. and 
	{Buder}, S. and {Casey}, A.~R. and {D'Orazi}, V. and {Duong}, L. and 
	{Khanna}, S. and {Lin}, J. and {Lind}, K. and {Martell}, S.~L. and 
	{Ness}, M.~K. and {Simpson}, J.~D. and {Zucker}, D.~B. and {Zwitter}, T. and 
	{Kafle}, P.~R. and {Quillen}, A.~C. and {Ting}, Y.-S. and {Wyse}, R.~F.~G.
	},
    title = "{The GALAH survey and Gaia DR2: dissecting the stellar disc's phase space by age, action, chemistry and location}",
  journal = {\mnras},
archivePrefix = "arXiv",
   eprint = {1809.02658},
 keywords = {Surveys, the Galaxy, stars: abundances, stars: dynamics, stars: kinematics},
     year = 2019,
    month = jan,
      doi = {10.1093/mnras/stz217},
   adsurl = {http://adsabs.harvard.edu/abs/2019MNRAS.tmp..222B},
  adsnote = {Provided by the SAO/NASA Astrophysics Data System}
}



@ARTICLE{BH2010,
   author = {{Bland-Hawthorn}, J. and {Krumholz}, M.~R. and {Freeman}, K.
	},
    title = "{The Long-term Evolution of the Galactic Disk Traced by Dissolving Star Clusters}",
  journal = {\apj},
archivePrefix = "arXiv",
   eprint = {1002.4357},
 keywords = {Galaxy: disk, Galaxy: evolution, Galaxy: kinematics and dynamics, open clusters and associations: general, stars: abundances, stars: solar-type},
     year = 2010,
    month = apr,
   volume = 713,
    pages = {166-179},
      doi = {10.1088/0004-637X/713/1/166},
   adsurl = {http://adsabs.harvard.edu/abs/2010ApJ...713..166B},
  adsnote = {Provided by the SAO/NASA Astrophysics Data System}
}


@ARTICLE{Zasowski2015, 
   author = {{Zasowski}, G. and {Chojnowski}, S.~D. and {Whelan}, D.~G. and 
	{Miroshnichenko}, A.~S. and {Garc{\'{\i}}a-Hern{\'a}ndez}, D.~A. and 
	{Majewski}, S.~R.},
    title = "{An Infrared Diffuse Circumstellar Band? The Unusual 1.5272 Micron DIB In the Red Square Nebula}",
  journal = {\apj},
archivePrefix = "arXiv",
   eprint = {1508.07015},
 keywords = {circumstellar matter, infrared: ISM, ISM: lines and bands, ISM: individual objects: Red Square Nebula},
     year = 2015,
    month = oct,
   volume = 811,
      eid = {119},
    pages = {119},
      doi = {10.1088/0004-637X/811/2/119},
   adsurl = {http://adsabs.harvard.edu/abs/2015ApJ...811..119Z},
  adsnote = {Provided by the SAO/NASA Astrophysics Data System}
}



@INPROCEEDINGS{Beers2006,
   author = {{Beers}, T.~C. and {Lee}, Y. and {Sivarani}, T. and {Allende Prieto}, C. and 
	{Wilhelm}, R. and {Re Fiorentin}, P. and {Bailer-Jones}, C.},
    title = "{The SDSS-I Value Added Catalog of Stellar Parameters and the SEGUE Pipeline}",
booktitle = {IAU Joint Discussion},
     year = 2006,
   series = {IAU Joint Discussion},
   volume = 13,
    month = aug,
   adsurl = {http://adsabs.harvard.edu/abs/2006IAUJD..13E..26B},
  adsnote = {Provided by the SAO/NASA Astrophysics Data System}
}

@ARTICLE{G2014,
   author = {{Genovali}, K. and {Lemasle}, B. and {Bono}, G. and {Romaniello}, M. and 
	{Fabrizio}, M. and {Ferraro}, I. and {Iannicola}, G. and {Laney}, C.~D. and 
	{Nonino}, M. and {Bergemann}, M. and {Buonanno}, R. and {Fran{\c c}ois}, P. and 
	{Inno}, L. and {Kudritzki}, R.-P. and {Matsunaga}, N. and {Pedicelli}, S. and 
	{Primas}, F. and {Th{\'e}venin}, F.},
    title = "{On the fine structure of the Cepheid metallicity gradient in the Galactic thin disk}",
  journal = {\aap},
archivePrefix = "arXiv",
   eprint = {1403.6128},
 keywords = {stars: abundances, stars: variables: Cepheids, stars: oscillations, Galaxy: disk, open clusters and associations: general},
     year = 2014,
    month = jun,
   volume = 566,
      eid = {A37},
    pages = {A37},
      doi = {10.1051/0004-6361/201323198},
   adsurl = {http://adsabs.harvard.edu/abs/2014A%26A...566A..37G},
  adsnote = {Provided by the SAO/NASA Astrophysics Data System}
}


@ARTICLE{A2018,
   author = {{Armillotta}, L. and {Krumholz}, M.~R. and {Fujimoto}, Y.},
    title = "{Mixing of metals during star cluster formation: statistics and implications for chemical tagging}",
  journal = {ArXiv e-prints},
archivePrefix = "arXiv",
   eprint = {1807.01712},
 keywords = {Astrophysics - Astrophysics of Galaxies},
     year = 2018,
    month = jul,
   adsurl = {http://adsabs.harvard.edu/abs/2018arXiv180701712A},
  adsnote = {Provided by the SAO/NASA Astrophysics Data System}
}


@ARTICLE{Selwood2002,
   author = {{Sellwood}, J.~A. and {Binney}, J.~J.},
    title = "{Radial mixing in galactic discs}",
  journal = {\mnras},
   eprint = {astro-ph/0203510},
 keywords = {ISM: abundances, Galaxy: abundances, Galaxy: kinematics and dynamics, galaxies: evolution, galaxies: ISM, galaxies: structure},
     year = 2002,
    month = nov,
   volume = 336,
    pages = {785-796},
      doi = {10.1046/j.1365-8711.2002.05806.x},
   adsurl = {http://adsabs.harvard.edu/abs/2002MNRAS.336..785S},
  adsnote = {Provided by the SAO/NASA Astrophysics Data System}
}


@ARTICLE{Minchev2011,
   author = {{Minchev}, I. and {Famaey}, B. and {Combes}, F. and {Di Matteo}, P. and 
	{Mouhcine}, M. and {Wozniak}, H.},
    title = "{Radial migration in galactic disks caused by resonance overlap of multiple patterns: Self-consistent simulations}",
  journal = {\aap},
archivePrefix = "arXiv",
   eprint = {1006.0484},
 keywords = {galaxies: evolution, galaxies: kinematics and dynamics, galaxies: abundances, galaxies: spiral},
     year = 2011,
    month = mar,
   volume = 527,
      eid = {A147},
    pages = {A147},
      doi = {10.1051/0004-6361/201015139},
   adsurl = {http://adsabs.harvard.edu/abs/2011A%26A...527A.147M},
  adsnote = {Provided by the SAO/NASA Astrophysics Data System}
}



@ARTICLE{Roskar2008,
   author = {{Ro{\v s}kar}, R. and {Debattista}, V.~P. and {Quinn}, T.~R. and 
	{Stinson}, G.~S. and {Wadsley}, J.},
    title = "{Riding the Spiral Waves: Implications of Stellar Migration for the Properties of Galactic Disks}",
  journal = {\apjl},
archivePrefix = "arXiv",
   eprint = {0808.0206},
 keywords = {galaxies: evolution, galaxies: spiral, galaxies: stellar content, Galaxy: stellar content, solar neighborhood, stellar dynamics},
     year = 2008,
    month = sep,
   volume = 684,
    pages = {L79},
      doi = {10.1086/592231},
   adsurl = {http://adsabs.harvard.edu/abs/2008ApJ...684L..79R},
  adsnote = {Provided by the SAO/NASA Astrophysics Data System}
}


@ARTICLE{Bedell2018,
   author = {{Bedell}, M. and {Bean}, J.~L. and {Melendez}, J. and {Spina}, L. and 
	{Ramirez}, I. and {Asplund}, M. and {Alves-Brito}, A. and {dos Santos}, L. and 
	{Dreizler}, S. and {Yong}, D. and {Monroe}, T. and {Casagrande}, L.
	},
    title = "{The Chemical Homogeneity of Sun-like Stars in the Solar Neighborhood}",
  journal = {ArXiv e-prints},
archivePrefix = "arXiv",
   eprint = {1802.02576},
 primaryClass = "astro-ph.SR",
 keywords = {Astrophysics - Solar and Stellar Astrophysics, Astrophysics - Earth and Planetary Astrophysics},
     year = 2018,
    month = feb,
   adsurl = {http://adsabs.harvard.edu/abs/2018arXiv180202576B},
  adsnote = {Provided by the SAO/NASA Astrophysics Data System}
}


@ARTICLE{Spina2018,
   author = {{Spina}, L. and {Mel{\'e}ndez}, J. and {Karakas}, A.~I. and 
	{dos Santos}, L. and {Bedell}, M. and {Asplund}, M. and {Ram{\'{\i}}rez}, I. and 
	{Yong}, D. and {Alves-Brito}, A. and {Bean}, J.~L. and {Dreizler}, S.
	},
    title = "{The temporal evolution of neutron-capture elements in the Galactic discs}",
  journal = {\mnras},
archivePrefix = "arXiv",
   eprint = {1711.03643},
 primaryClass = "astro-ph.SR",
 keywords = {stars: abundances, Galaxy: abundances, Galaxy: disc, Galaxy: evolution},
     year = 2018,
    month = feb,
   volume = 474,
    pages = {2580-2593},
      doi = {10.1093/mnras/stx2938},
   adsurl = {http://adsabs.harvard.edu/abs/2018MNRAS.474.2580S},
  adsnote = {Provided by the SAO/NASA Astrophysics Data System}
}


@ARTICLE{Kollmeier2017,
   author = {{Kollmeier}, J.~A. and {Zasowski}, G. and {Rix}, H.-W. and {Johns}, M. and 
	{Anderson}, S.~F. and {Drory}, N. and {Johnson}, J.~A. and {Pogge}, R.~W. and 
	{Bird}, J.~C. and {Blanc}, G.~A. and {Brownstein}, J.~R. and 
	{Crane}, J.~D. and {De Lee}, N.~M. and {Klaene}, M.~A. and {Kreckel}, K. and 
	{MacDonald}, N. and {Merloni}, A. and {Ness}, M.~K. and {O'Brien}, T. and 
	{Sanchez-Gallego}, J.~R. and {Sayres}, C.~C. and {Shen}, Y. and 
	{Thakar}, A.~R. and {Tkachenko}, A. and {Aerts}, C. and {Blanton}, M.~R. and 
	{Eisenstein}, D.~J. and {Holtzman}, J.~A. and {Maoz}, D. and 
	{Nandra}, K. and {Rockosi}, C. and {Weinberg}, D.~H. and {Bovy}, J. and 
	{Casey}, A.~R. and {Chaname}, J. and {Clerc}, N. and {Conroy}, C. and 
	{Eracleous}, M. and {G{\"a}nsicke}, B.~T. and {Hekker}, S. and 
	{Horne}, K. and {Kauffmann}, J. and {McQuinn}, K.~B.~W. and 
	{Pellegrini}, E.~W. and {Schinnerer}, E. and {Schlafly}, E.~F. and 
	{Schwope}, A.~D. and {Seibert}, M. and {Teske}, J.~K. and {van Saders}, J.~L.
	},
    title = "{SDSS-V: Pioneering Panoptic Spectroscopy}",
  journal = {ArXiv e-prints},
archivePrefix = "arXiv",
   eprint = {1711.03234},
 keywords = {Astrophysics - Astrophysics of Galaxies},
     year = 2017,
    month = nov,
   adsurl = {http://adsabs.harvard.edu/abs/2017arXiv171103234K},
  adsnote = {Provided by the SAO/NASA Astrophysics Data System}
}


@ARTICLE{Sanders2018,
   author = {{Sanders}, J.~L. and {Das}, P.},
    title = "{Isochrone ages for \~{}3 million stars with Gaia}",
  journal = {ArXiv e-prints},
archivePrefix = "arXiv",
   eprint = {1806.02324},
 keywords = {Astrophysics - Astrophysics of Galaxies, Astrophysics - Solar and Stellar Astrophysics},
     year = 2018,
    month = jun,
   adsurl = {http://adsabs.harvard.edu/abs/2018arXiv180602324S},
  adsnote = {Provided by the SAO/NASA Astrophysics Data System}
}


@MISC{George,
   author = {{Foreman-Mackey}, D.},
    title = "{George: Gaussian Process regression}",
 keywords = {Software },
howpublished = {Astrophysics Source Code Library},
     year = 2015,
    month = nov,
archivePrefix = "ascl",
   eprint = {1511.015},
   adsurl = {http://adsabs.harvard.edu/abs/2015ascl.soft11015F},
  adsnote = {Provided by the SAO/NASA Astrophysics Data System}
}


@ARTICLE{Tucker2013,
   author = {{Jones}, T.~A. and {Ellis}, R.~S. and {Schenker}, M.~A. and 
	{Stark}, D.~P.},
    title = "{Keck Spectroscopy of Gravitationally Lensed z \~{}= 4 Galaxies: Improved Constraints on the Escape Fraction of Ionizing Photons}",
  journal = {\apj},
archivePrefix = "arXiv",
   eprint = {1304.7015},
 keywords = {dark ages, reionization, first stars, galaxies: evolution, galaxies: formation, galaxies: ISM },
     year = 2013,
    month = dec,
   volume = 779,
      eid = {52},
    pages = {52},
      doi = {10.1088/0004-637X/779/1/52},
   adsurl = {http://adsabs.harvard.edu/abs/2013ApJ...779...52J},
  adsnote = {Provided by the SAO/NASA Astrophysics Data System}
}


@ARTICLE{Luck2011,
   author = {{Luck}, R.~E. and {Lambert}, D.~L.},
    title = "{The Distribution of the Elements in the Galactic Disk. III. A Reconsideration of Cepheids from l = 30{\deg} to 250{\deg}}",
  journal = {\aj},
archivePrefix = "arXiv",
   eprint = {1108.1947},
 keywords = {Galaxy: abundances, Galaxy: evolution, stars: abundances, stars: variables: Cepheids},
     year = 2011,
    month = oct,
   volume = 142,
      eid = {136},
    pages = {136},
      doi = {10.1088/0004-6256/142/4/136},
   adsurl = {http://adsabs.harvard.edu/abs/2011AJ....142..136L},
  adsnote = {Provided by the SAO/NASA Astrophysics Data System}
}


@ARTICLE{Gaia2018,
   author = {{Gaia Collaboration}},
    title = "{VizieR Online Data Catalog: Gaia DR2 (Gaia Collaboration, 2018)}",
  journal = {VizieR Online Data Catalog},
 keywords = {Gaia},
     year = 2018,
    month = apr,
   volume = 1345,
   adsurl = {http://adsabs.harvard.edu/abs/2018yCat.1345....0G},
  adsnote = {Provided by the SAO/NASA Astrophysics Data System}
}


@ARTICLE{Buder2018,
   author = {{Buder}, S. and {Asplund}, M. and {Duong}, L. and {Kos}, J. and 
	{Lind}, K. and {Ness}, M.~K. and {Sharma}, S. and {Bland-Hawthorn}, J. and 
	{Casey}, A.~R. and {De Silva}, G.~M. and {D'Orazi}, V. and {Freeman}, K.~C. and 
	{Lewis}, G.~F. and {Lin}, J. and {Martell}, S.~L. and {Schlesinger}, K.~J. and 
	{Simpson}, J.~D. and {Zucker}, D.~B. and {Zwitter}, T. and {Amarsi}, A.~M. and 
	{Anguiano}, B. and {Carollo}, D. and {Casagrande}, L. and {{\v C}otar}, K. and 
	{Cottrell}, P.~L. and {Da Costa}, G. and {Gao}, X.~D. and {Hayden}, M.~R. and 
	{Horner}, J. and {Ireland}, M.~J. and {Kafle}, P.~R. and {Munari}, U. and 
	{Nataf}, D.~M. and {Nordlander}, T. and {Stello}, D. and {Ting}, Y.-S. and 
	{Traven}, G. and {Watson}, F. and {Wittenmyer}, R.~A. and {Wyse}, R.~F.~G. and 
	{Yong}, D. and {Zinn}, J.~C. and {{\v Z}erjal}, M.},
    title = "{The GALAH Survey: Second Data Release}",
  journal = {\mnras},
archivePrefix = "arXiv",
   eprint = {1804.06041},
 primaryClass = "astro-ph.SR",
 keywords = {Surveys, the Galaxy, methods: observational, methods: data analysis, stars: fundamental parameters, stars: abundances},
     year = 2018,
    month = may,
      doi = {10.1093/mnras/sty1281},
   adsurl = {http://adsabs.harvard.edu/abs/2018MNRAS.tmp.1218B},
  adsnote = {Provided by the SAO/NASA Astrophysics Data System}
}


@ARTICLE{Frankel2018,
   author = {{Frankel}, N. and {Rix}, H.-W. and {Ting}, Y.-S. and {Ness}, M.~K. and 
	{Hogg}, D.~W.},
    title = "{Measuring Radial Orbit Migration in the Milky Way Disk}",
  journal = {ArXiv e-prints},
archivePrefix = "arXiv",
   eprint = {1805.09198},
 keywords = {Astrophysics - Astrophysics of Galaxies},
     year = 2018,
    month = may,
   adsurl = {http://adsabs.harvard.edu/abs/2018arXiv180509198F},
  adsnote = {Provided by the SAO/NASA Astrophysics Data System}
}



@ARTICLE{Sellwood2014,
   author = {{Sellwood}, J.~A.},
    title = "{Secular evolution in disk galaxies}",
  journal = {Reviews of Modern Physics},
archivePrefix = "arXiv",
   eprint = {1310.0403},
 keywords = {Normal galaxies, extragalactic objects and systems},
     year = 2014,
    month = jan,
   volume = 86,
    pages = {1-46},
      doi = {10.1103/RevModPhys.86.1},
   adsurl = {http://adsabs.harvard.edu/abs/2014RvMP...86....1S},
  adsnote = {Provided by the SAO/NASA Astrophysics Data System}
}


@ARTICLE{Trick2018,
   author = {{Trick}, W.~H. and {Coronado}, J. and {Rix}, H.-W.},
    title = "{The Galactic Disc in Action Space as seen by Gaia DR2}",
  journal = {ArXiv e-prints},
archivePrefix = "arXiv",
   eprint = {1805.03653},
 keywords = {Astrophysics - Astrophysics of Galaxies},
     year = 2018,
    month = may,
   adsurl = {http://adsabs.harvard.edu/abs/2018arXiv180503653T},
  adsnote = {Provided by the SAO/NASA Astrophysics Data System}
}



@ARTICLE{Hayden2015,
   author = {{Hayden}, M.~R. and {Bovy}, J. and {Holtzman}, J.~A. and {Nidever}, D.~L. and 
	{Bird}, J.~C. and {Weinberg}, D.~H. and {Andrews}, B.~H. and 
	{Majewski}, S.~R. and {Allende Prieto}, C. and {Anders}, F. and 
	{Beers}, T.~C. and {Bizyaev}, D. and {Chiappini}, C. and {Cunha}, K. and 
	{Frinchaboy}, P. and {Garc{\'{\i}}a-Her{\'n}andez}, D.~A. and 
	{Garc{\'{\i}}a P{\'e}rez}, A.~E. and {Girardi}, L. and {Harding}, P. and 
	{Hearty}, F.~R. and {Johnson}, J.~A. and {M{\'e}sz{\'a}ros}, S. and 
	{Minchev}, I. and {O'Connell}, R. and {Pan}, K. and {Robin}, A.~C. and 
	{Schiavon}, R.~P. and {Schneider}, D.~P. and {Schultheis}, M. and 
	{Shetrone}, M. and {Skrutskie}, M. and {Steinmetz}, M. and {Smith}, V. and 
	{Wilson}, J.~C. and {Zamora}, O. and {Zasowski}, G.},
    title = "{Chemical Cartography with APOGEE: Metallicity Distribution Functions and the Chemical Structure of the Milky Way Disk}",
  journal = {\apj},
archivePrefix = "arXiv",
   eprint = {1503.02110},
 keywords = {Galaxy: abundances, Galaxy: disk, Galaxy: evolution, Galaxy: stellar content, Galaxy: structure},
     year = 2015,
    month = aug,
   volume = 808,
      eid = {132},
    pages = {132},
      doi = {10.1088/0004-637X/808/2/132},
   adsurl = {http://adsabs.harvard.edu/abs/2015ApJ...808..132H},
  adsnote = {Provided by the SAO/NASA Astrophysics Data System}
}



@ARTICLE{Nidever2014,
   author = {{Nidever}, D.~L. and {Bovy}, J. and {Bird}, J.~C. and {Andrews}, B.~H. and 
	{Hayden}, M. and {Holtzman}, J. and {Majewski}, S.~R. and {Smith}, V. and 
	{Robin}, A.~C. and {Garc{\'{\i}}a P{\'e}rez}, A.~E. and {Cunha}, K. and 
	{Allende Prieto}, C. and {Zasowski}, G. and {Schiavon}, R.~P. and 
	{Johnson}, J.~A. and {Weinberg}, D.~H. and {Feuillet}, D. and 
	{Schneider}, D.~P. and {Shetrone}, M. and {Sobeck}, J. and {Garc{\'{\i}}a-Hern{\'a}ndez}, D.~A. and 
	{Zamora}, O. and {Rix}, H.-W. and {Beers}, T.~C. and {Wilson}, J.~C. and 
	{O'Connell}, R.~W. and {Minchev}, I. and {Chiappini}, C. and 
	{Anders}, F. and {Bizyaev}, D. and {Brewington}, H. and {Ebelke}, G. and 
	{Frinchaboy}, P.~M. and {Ge}, J. and {Kinemuchi}, K. and {Malanushenko}, E. and 
	{Malanushenko}, V. and {Marchante}, M. and {M{\'e}sz{\'a}ros}, S. and 
	{Oravetz}, D. and {Pan}, K. and {Simmons}, A. and {Skrutskie}, M.~F.
	},
    title = "{Tracing Chemical Evolution over the Extent of the Milky Way's Disk with APOGEE Red Clump Stars}",
  journal = {\apj},
archivePrefix = "arXiv",
   eprint = {1409.3566},
 keywords = {Galaxy: abundances, Galaxy: disk, Galaxy: evolution, Galaxy: stellar content, Galaxy: structure, surveys},
     year = 2014,
    month = nov,
   volume = 796,
      eid = {38},
    pages = {38},
      doi = {10.1088/0004-637X/796/1/38},
   adsurl = {http://adsabs.harvard.edu/abs/2014ApJ...796...38N},
  adsnote = {Provided by the SAO/NASA Astrophysics Data System}
}


@ARTICLE{Holtzman2015,
   author = {{Holtzman}, J.~A. and {Shetrone}, M. and {Johnson}, J.~A. and 
	{Allende Prieto}, C. and {Anders}, F. and {Andrews}, B. and 
	{Beers}, T.~C. and {Bizyaev}, D. and {Blanton}, M.~R. and {Bovy}, J. and 
	{Carrera}, R. and {Chojnowski}, S.~D. and {Cunha}, K. and {Eisenstein}, D.~J. and 
	{Feuillet}, D. and {Frinchaboy}, P.~M. and {Galbraith-Frew}, J. and 
	{Garc{\'{\i}}a P{\'e}rez}, A.~E. and {Garc{\'{\i}}a-Hern{\'a}ndez}, D.~A. and 
	{Hasselquist}, S. and {Hayden}, M.~R. and {Hearty}, F.~R. and 
	{Ivans}, I. and {Majewski}, S.~R. and {Martell}, S. and {Meszaros}, S. and 
	{Muna}, D. and {Nidever}, D. and {Nguyen}, D.~C. and {O'Connell}, R.~W. and 
	{Pan}, K. and {Pinsonneault}, M. and {Robin}, A.~C. and {Schiavon}, R.~P. and 
	{Shane}, N. and {Sobeck}, J. and {Smith}, V.~V. and {Troup}, N. and 
	{Weinberg}, D.~H. and {Wilson}, J.~C. and {Wood-Vasey}, W.~M. and 
	{Zamora}, O. and {Zasowski}, G.},
    title = "{Abundances, Stellar Parameters, and Spectra from the SDSS-III/APOGEE Survey}",
  journal = {\aj},
archivePrefix = "arXiv",
   eprint = {1501.04110},
 keywords = {astronomical databases: miscellaneous, Galaxy: abundances, stars: abundances, surveys},
     year = 2015,
    month = nov,
   volume = 150,
      eid = {148},
    pages = {148},
      doi = {10.1088/0004-6256/150/5/148},
   adsurl = {http://adsabs.harvard.edu/abs/2015AJ....150..148H},
  adsnote = {Provided by the SAO/NASA Astrophysics Data System}
}

@ARTICLE{Jofre2014,
   author = {{Jofr{\'e}}, P. and {Heiter}, U. and {Soubiran}, C. and {Blanco-Cuaresma}, S. and 
	{Worley}, C.~C. and {Pancino}, E. and {Cantat-Gaudin}, T. and 
	{Magrini}, L. and {Bergemann}, M. and {Gonz{\'a}lez Hern{\'a}ndez}, J.~I. and 
	{Hill}, V. and {Lardo}, C. and {de Laverny}, P. and {Lind}, K. and 
	{Masseron}, T. and {Montes}, D. and {Mucciarelli}, A. and {Nordlander}, T. and 
	{Recio Blanco}, A. and {Sobeck}, J. and {Sordo}, R. and {Sousa}, S.~G. and 
	{Tabernero}, H. and {Vallenari}, A. and {Van Eck}, S.},
    title = "{Gaia FGK benchmark stars: Metallicity}",
  journal = {\aap},
archivePrefix = "arXiv",
   eprint = {1309.1099},
 keywords = {standards, techniques: spectroscopic, surveys, stars: fundamental parameters},
     year = 2014,
    month = apr,
   volume = 564,
      eid = {A133},
    pages = {A133},
      doi = {10.1051/0004-6361/201322440},
   adsurl = {http://adsabs.harvard.edu/abs/2014A\%26A...564A.133J},
  adsnote = {Provided by the SAO/NASA Astrophysics Data System}
}

@ARTICLE{Jofre2016,
   author = {{Jofre}, P. and {Heiter}, U. and {Worley}, C.~C. and {Blanco-Cuaresma}, S. and 
	{Soubiran}, C. and {Masseron}, T. and {Hawkins}, K. and {Adibekyan}, V. and 
	{Buder}, S. and {Casamiquela}, L. and {Gilmore}, G. and {Hourihane}, A. and 
	{Tabernero}, H.},
    title = "{Gaia FGK Benchmark stars: Opening the black box of stellar element abundance determination}",
  journal = {ArXiv e-prints},
archivePrefix = "arXiv",
   eprint = {1612.05013},
 primaryClass = "astro-ph.SR",
 keywords = {Astrophysics - Solar and Stellar Astrophysics, Astrophysics - Astrophysics of Galaxies},
     year = 2016,
    month = dec,
   adsurl = {http://adsabs.harvard.edu/abs/2016arXiv161205013J},
  adsnote = {Provided by the SAO/NASA Astrophysics Data System}
}


@ARTICLE{Ness2016a,
   author = {{Ness}, M. and {Zasowski}, G. and {Johnson}, J.~A. and {Athanassoula}, E. and 
	{Majewski}, S.~R. and {Garc{\'{\i}}a P{\'e}rez}, A.~E. and {Bird}, J. and 
	{Nidever}, D. and {Schneider}, D.~P. and {Sobeck}, J. and {Frinchaboy}, P. and 
	{Pan}, K. and {Bizyaev}, D. and {Oravetz}, D. and {Simmons}, A.
	},
    title = "{APOGEE Kinematics. I. Overview of the Kinematics of the Galactic Bulge as Mapped By APOGEE}",
  journal = {\apj},
archivePrefix = "arXiv",
   eprint = {1512.04948},
 keywords = {stars: abundances, stars: fundamental parameters, stars: kinematics and dynamics, surveys, techniques: spectroscopic},
     year = 2016,
    month = mar,
   volume = 819,
      eid = {2},
    pages = {2},
      doi = {10.3847/0004-637X/819/1/2},
   adsurl = {http://adsabs.harvard.edu/abs/2016ApJ...819....2N},
  adsnote = {Provided by the SAO/NASA Astrophysics Data System}
}


@ARTICLE{Ness2017,
   author = {{Ness}, M. and {Rix}, H. and {Hogg}, D.~W. and {Casey}, A.~R. and 
	{Holtzman}, J. and {Fouesneau}, M. and {Zasowski}, G. and {Geisler}, D. and 
	{Shetrone}, M. and {Minniti}, D. and {Frinchaboy}, P.~M. and 
	{Roman-Lopes}, A.},
    title = "{Galactic Doppelganger: The chemical similarity among field stars and among stars with a common birth origin}",
  journal = {ArXiv e-prints},
archivePrefix = "arXiv",
   eprint = {1701.07829},
 primaryClass = "astro-ph.SR",
 keywords = {Astrophysics - Solar and Stellar Astrophysics, Astrophysics - Astrophysics of Galaxies},
     year = 2017,
    month = jan,
   adsurl = {http://adsabs.harvard.edu/abs/2017arXiv170107829N},
  adsnote = {Provided by the SAO/NASA Astrophysics Data System}
}



@ARTICLE{Gonzalez2016,
   author = {{Gonzalez}, O.~A. and {Gadotti}, D.~A. and {Debattista}, V.~P. and 
	{Rejkuba}, M. and {Valenti}, E. and {Zoccali}, M. and {Coccato}, L. and 
	{Minniti}, D. and {Ness}, M.},
    title = "{Comparing the properties of the X-shaped bulges of NGC 4710 and the Milky Way with MUSE}",
  journal = {\aap},
archivePrefix = "arXiv",
   eprint = {1603.02546},
 keywords = {galaxies: bulges, galaxies: individual: NGC 4710, galaxies: kinematics and dynamics, Galaxy: bulge},
     year = 2016,
    month = jun,
   volume = 591,
      eid = {A7},
    pages = {A7},
      doi = {10.1051/0004-6361/201527806},
   adsurl = {http://adsabs.harvard.edu/abs/2016A\%26A...591A...7G},
  adsnote = {Provided by the SAO/NASA Astrophysics Data System}
  }
  
@ARTICLE{Gonzalez2017,
   author = {{Gonzalez}, O.~A. and {Debattista}, V.~P. and {Ness}, M. and 
	{Erwin}, P. and {Gadotti}, D.~A.},
    title = "{Peanut-shaped metallicity distributions in bulges of edge-on galaxies: the case of NGC 4710}",
  journal = {\mnras},
archivePrefix = "arXiv",
   eprint = {1611.09547},
 keywords = {galaxies: bulges, galaxies: evolution, galaxies: formation, galaxies: stellar content, galaxies: structure},
     year = 2017,
    month = mar,
   volume = 466,
    pages = {L93-L97},
      doi = {10.1093/mnrasl/slw232},
   adsurl = {http://adsabs.harvard.edu/abs/2017MNRAS.466L..93G},
  adsnote = {Provided by the SAO/NASA Astrophysics Data System}
}

  

@ARTICLE{Bovy2015,
   author = {{Bovy}, J.},
    title = "{The chemical homogeneity of open clusters}",
  journal = {ArXiv e-prints},
archivePrefix = "arXiv",
   eprint = {1510.06745},
 keywords = {Astrophysics - Astrophysics of Galaxies, Astrophysics - Solar and Stellar Astrophysics},
     year = 2015,
    month = oct,
   adsurl = {http://adsabs.harvard.edu/abs/2015arXiv151006745B},
  adsnote = {Provided by the SAO/NASA Astrophysics Data System}
}

@ARTICLE{Ting2015,
   author = {{Ting}, Y.-S. and {Conroy}, C. and {Goodman}, A.},
    title = "{Prospects for Chemically Tagging Stars in the Galaxy}",
  journal = {\apj},
archivePrefix = "arXiv",
   eprint = {1504.03327},
 keywords = {Galaxy: abundances, Galaxy: disk, Galaxy: evolution, Galaxy: formation, ISM: abundances, stars: abundances},
     year = 2015,
    month = jul,
   volume = 807,
      eid = {104},
    pages = {104},
      doi = {10.1088/0004-637X/807/1/104},
   adsurl = {http://adsabs.harvard.edu/abs/2015ApJ...807..104T},
  adsnote = {Provided by the SAO/NASA Astrophysics Data System}
}

@ARTICLE{Martell2015,
   author = {{Martell}, S.~L.},
    title = "{The GALAH Survey and Galactic Archaeology in the next decade}",
  journal = {ArXiv e-prints},
archivePrefix = "arXiv",
   eprint = {1507.00079},
 keywords = {Astrophysics - Astrophysics of Galaxies, Astrophysics - Solar and Stellar Astrophysics},
     year = 2015,
    month = jun,
   adsurl = {http://adsabs.harvard.edu/abs/2015arXiv150700079M},
  adsnote = {Provided by the SAO/NASA Astrophysics Data System}
}

@ARTICLE{Casey2016,
   author = {{Casey}, A.~R. and {Hogg}, D.~W. and {Ness}, M. and {Rix}, H.-W. and 
	{Ho}, A.~Q. and {Gilmore}, G.},
    title = "{The Cannon 2: A data-driven model of stellar spectra for detailed chemical abundance analyses}",
  journal = {ArXiv e-prints},
archivePrefix = "arXiv",
   eprint = {1603.03040},
 primaryClass = "astro-ph.SR",
 keywords = {Astrophysics - Solar and Stellar Astrophysics},
     year = 2016,
    month = mar,
   adsurl = {http://adsabs.harvard.edu/abs/2016arXiv160303040C},
  adsnote = {Provided by the SAO/NASA Astrophysics Data System}
}

@ARTICLE{Casey2016b,
   author = {{Casey}, A.~R. and {Hawkins}, K. and {Hogg}, D.~W. and {Ness}, M. and 
	{Walter-Rix}, H. and {Kordopatis}, et al.},
    title = "{The RAVE-on catalog of stellar atmospheric parameters and chemical abundances for chemo-dynamic studies in the Gaia era}",
  journal = {ArXiv e-prints},
archivePrefix = "arXiv",
   eprint = {1609.02914},
 primaryClass = "astro-ph.SR",
 keywords = {Astrophysics - Solar and Stellar Astrophysics, Astrophysics - Astrophysics of Galaxies},
     year = 2016,
    month = sep,
   adsurl = {http://adsabs.harvard.edu/abs/2016arXiv160902914C},
  adsnote = {Provided by the SAO/NASA Astrophysics Data System}
}


@ARTICLE{Ness2015,
   author = {{Ness}, M. and {Hogg}, D.~W. and {Rix}, H.-W. and {Ho}, A.~Y.~Q. and 
	{Zasowski}, G.},
    title = "{The Cannon: A data-driven approach to Stellar Label Determination}",
  journal = {\apj},
archivePrefix = "arXiv",
   eprint = {1501.07604},
 primaryClass = "astro-ph.SR",
 keywords = {methods: data analysis, methods: statistical, stars: abundances, stars: fundamental parameters, surveys, techniques: spectroscopic},
     year = 2015,
    month = jul,
   volume = 808,
      eid = {16},
    pages = {16},
      doi = {10.1088/0004-637X/808/1/16},
   adsurl = {http://adsabs.harvard.edu/abs/2015ApJ...808...16N},
  adsnote = {Provided by the SAO/NASA Astrophysics Data System}
}

@ARTICLE{Ness2016b,
   author = {{Ness}, M. and {Lang}, D.},
    title = "{The X-shaped Bulge of the Milky Way Revealed by WISE}",
  journal = {\aj},
archivePrefix = "arXiv",
   eprint = {1603.00026},
 keywords = {Galaxy: bulge, Galaxy: structure, surveys},
     year = 2016,
    month = jul,
   volume = 152,
      eid = {14},
    pages = {14},
      doi = {10.3847/0004-6256/152/1/14},
   adsurl = {http://adsabs.harvard.edu/abs/2016AJ....152...14N},
  adsnote = {Provided by the SAO/NASA Astrophysics Data System}
}

@ARTICLE{Martell2016,
   author = {{Martell}, S. and {Sharma}, S. and {Buder}, S. and {Duong}, L. and 
	{Schlesinger}, K. et al.},
    title = "{The GALAH Survey: Observational Overview and Gaia DR1 companion}",
  journal = {ArXiv e-prints},
archivePrefix = "arXiv",
   eprint = {1609.02822},
 primaryClass = "astro-ph.IM",
 keywords = {Astrophysics - Instrumentation and Methods for Astrophysics, Astrophysics - Astrophysics of Galaxies, Astrophysics - Solar and Stellar Astrophysics},
     year = 2016,
    month = sep,
   adsurl = {http://adsabs.harvard.edu/abs/2016arXiv160902822M},
  adsnote = {Provided by the SAO/NASA Astrophysics Data System}
}

@ARTICLE{2016MNRAS.456.3655M,
   author = {{Martig}, M. and {Fouesneau}, M. and {Rix}, H.-W. and {Ness}, M. and 
	{M{\'e}sz{\'a}ros}, S. and {Garc{\'{\i}}a-Hern{\'a}ndez}, D.~A. and 
	{Pinsonneault}, M. and {Serenelli}, A. and {Silva Aguirre}, V. and 
	{Zamora}, O.},
    title = "{Red giant masses and ages derived from carbon and nitrogen abundances}",
  journal = {\mnras},
archivePrefix = "arXiv",
   eprint = {1511.08203},
 primaryClass = "astro-ph.SR",
 keywords = {stars: abundances, stars: evolution, stars: fundamental parameters},
     year = 2016,
    month = mar,
   volume = 456,
    pages = {3655-3670},
      doi = {10.1093/mnras/stv2830},
   adsurl = {http://adsabs.harvard.edu/abs/2016MNRAS.456.3655M},
  adsnote = {Provided by the SAO/NASA Astrophysics Data System}
}



@ARTICLE{Ness2016,
   author = {{Ness}, M. and {Hogg}, D.~W. and {Rix}, H.-W. and {Martig}, M. and 
	{Pinsonneault}, M.~H. and {Ho}, A.~Y.~Q.},
    title = "{Spectroscopic Determination of Masses (and Implied Ages) for Red Giants}",
  journal = {\apj},
archivePrefix = "arXiv",
   eprint = {1511.08204},
 primaryClass = "astro-ph.SR",
 keywords = {Galaxy: stellar content, methods: data analysis, methods: statistical, stars: evolution, stars: fundamental parameters, techniques: spectroscopic},
     year = 2016,
    month = jun,
   volume = 823,
      eid = {114},
    pages = {114},
      doi = {10.3847/0004-637X/823/2/114},
   adsurl = {http://adsabs.harvard.edu/abs/2016ApJ...823..114N},
  adsnote = {Provided by the SAO/NASA Astrophysics Data System}
}

@ARTICLE{Hogg2017,
   author = {{Hogg}, D.~W. and {Casey}, A.~R. and {Ness}, M. and {Rix}, H.-W. and 
	{Foreman-Mackey}, D. and {Hasselquist}, S. and {Ho}, A.~Y.~Q. and 
	{Holtzman}, J.~A. and {Majewski}, S.~R. and {Martell}, S.~L. and 
	{M{\'e}sz{\'a}ros}, S. and {Nidever}, D.~L. and {Shetrone}, M.
	},
    title = "{Chemical Tagging Can Work: Identification of Stellar Phase-space Structures Purely by Chemical-abundance Similarity}",
  journal = {\apj},
archivePrefix = "arXiv",
   eprint = {1601.05413},
 keywords = {Galaxy: abundances, Galaxy: stellar content, Galaxy: structure, globular clusters: general, open clusters and associations: general, stars: abundances },
     year = 2016,
    month = dec,
   volume = 833,
      eid = {262},
    pages = {262},
      doi = {10.3847/1538-4357/833/2/262},
   adsurl = {http://adsabs.harvard.edu/abs/2016ApJ...833..262H},
  adsnote = {Provided by the SAO/NASA Astrophysics Data System}
}


@ARTICLE{Ho2017a,
   author = {{Ho}, A.~Y.~Q. and {Ness}, M.~K. and {Hogg}, D.~W. and {Rix}, H.-W. and 
	{Liu}, C. and {Yang}, F. and {Zhang}, Y. and {Hou}, Y. and {Wang}, Y.
	},
    title = "{Label Transfer from APOGEE to LAMOST: Precise Stellar Parameters for 450,000 LAMOST Giants}",
  journal = {\apj},
archivePrefix = "arXiv",
   eprint = {1602.00303},
 primaryClass = "astro-ph.SR",
 keywords = {catalogs, methods: data analysis, methods: statistical, stars: abundances, stars: fundamental parameters, techniques: spectroscopic},
     year = 2017,
    month = feb,
   volume = 836,
      eid = {5},
    pages = {5},
      doi = {10.3847/1538-4357/836/1/5},
   adsurl = {http://adsabs.harvard.edu/abs/2017ApJ...836....5H},
  adsnote = {Provided by the SAO/NASA Astrophysics Data System}
}





@ARTICLE{Ting2017,
   author = {{Ting}, Y.-S. and {Rix}, H.-W. and {Conroy}, C. and {Ho}, A.~Y.~Q. and 
	{Lin}, J.},
    title = "{Measuring 14 elemental abundances with R=1,800 LAMOST spectra}",
  journal = {ArXiv e-prints},
archivePrefix = "arXiv",
   eprint = {1708.01758},
 primaryClass = "astro-ph.SR",
 keywords = {Astrophysics - Solar and Stellar Astrophysics, Astrophysics - Astrophysics of Galaxies},
     year = 2017,
    month = aug,
   adsurl = {http://adsabs.harvard.edu/abs/2017arXiv170801758T},
  adsnote = {Provided by the SAO/NASA Astrophysics Data System}
}

@ARTICLE{Prusti2016,
   author = {{Gaia Collaboration} and {Prusti}, T. and {de Bruijne}, J.~H.~J. and 
	{Brown}, A.~G.~A. and {Vallenari}, A. and {Babusiaux}, C. and 
	{Bailer-Jones}, C.~A.~L. and {Bastian}, U. and {Biermann}, M. and 
	{Evans}, D.~W. and et al.},
    title = "{The Gaia mission}",
  journal = {AAP},
archivePrefix = "arXiv",
   eprint = {1609.04153},
 primaryClass = "astro-ph.IM",
 keywords = {space vehicles: instruments, Galaxy: structure, astrometry, parallaxes, proper motions, telescopes},
     year = 2016,
    month = nov,
   volume = 595,
      eid = {A1},
    pages = {A1},
      doi = {10.1051/0004-6361/201629272},
   adsurl = {http://adsabs.harvard.edu/abs/2016A\%26A...595A...1G},
  adsnote = {Provided by the SAO/NASA Astrophysics Data System}
}

@INPROCEEDINGS{Newberg2012,
   author = {{Newberg}, H.~J. and {Carlin}, J.~L. and {Chen}, L. and {Deng}, L. and 
	{L{\'e}pine}, S. and {Liu}, X. and {Yang}, F. and {Yuan}, H.-B. and 
	{Zhang}, H. and {Zhang}, Y. and {Legue Working Group} and {Lamost-Plus Partnership}
	},
    title = "{The LAMOST Spectroscopic Survey of Milky Way Stars (LEGUE)}",
booktitle = {Galactic Archaeology: Near-Field Cosmology and the Formation of the Milky Way},
     year = 2012,
   series = {Astronomical Society of the Pacific Conference Series},
   volume = 458,
   editor = {{Aoki}, W. and {Ishigaki}, M. and {Suda}, T. and {Tsujimoto}, T. and 
	{Arimoto}, N.},
    month = aug,
    pages = {405},
   adsurl = {http://adsabs.harvard.edu/abs/2012ASPC..458..405N},
  adsnote = {Provided by the SAO/NASA Astrophysics Data System}
}

@ARTICLE{Gilmore2012,
   author = {{Gilmore}, G. and {Randich}, S. and {Asplund}, M. and {Binney}, J. and 
	{Bonifacio}, P. and {Drew}, J. and {Feltzing}, S. and {Ferguson}, A. and 
	{Jeffries}, R. and {Micela}, G. and et al.},
    title = "{The Gaia-ESO Public Spectroscopic Survey}",
  journal = {The Messenger},
     year = 2012,
    month = mar,
   volume = 147,
    pages = {25-31},
   adsurl = {http://adsabs.harvard.edu/abs/2012Msngr.147...25G},
  adsnote = {Provided by the SAO/NASA Astrophysics Data System}
}



@ARTICLE{deSilva2015,
   author = {{De Silva}, G.~M. and {Freeman}, K.~C. and {Bland-Hawthorn}, J. and 
	{Martell}, S. and {de Boer}, E.~W. and {Asplund}, M. and {Keller}, S. and 
	{Sharma}, S. and {Zucker}, D.~B. and {Zwitter}, T. and {Anguiano}, B. and 
	{Bacigalupo}, C. and {Bayliss}, D. and {Beavis}, M.~A. and {Bergemann}, M. and 
	{Campbell}, S. and {Cannon}, R. and {Carollo}, D. and {Casagrande}, L. and 
	{Casey}, A.~R. and {Da Costa}, G. and {D'Orazi}, V. and {Dotter}, A. and 
	{Duong}, L. and {Heger}, A. and {Ireland}, M.~J. and {Kafle}, P.~R. and 
	{Kos}, J. and {Lattanzio}, J. and {Lewis}, G.~F. and {Lin}, J. and 
	{Lind}, K. and {Munari}, U. and {Nataf}, D.~M. and {O'Toole}, S. and 
	{Parker}, Q. and {Reid}, W. and {Schlesinger}, K.~J. and {Sheinis}, A. and 
	{Simpson}, J.~D. and {Stello}, D. and {Ting}, Y.-S. and {Traven}, G. and 
	{Watson}, F. and {Wittenmyer}, R. and {Yong}, D. and {{\v Z}erjal}, M.
	},
    title = "{The GALAH survey: scientific motivation}",
  journal = {\mnras},
archivePrefix = "arXiv",
   eprint = {1502.04767},
 keywords = {Galaxy: stellar content},
     year = 2015,
    month = may,
   volume = 449,
    pages = {2604-2617},
      doi = {10.1093/mnras/stv327},
   adsurl = {http://adsabs.harvard.edu/abs/2015MNRAS.449.2604D},
  adsnote = {Provided by the SAO/NASA Astrophysics Data System}
}

@INPROCEEDINGS{Bonifacio2016,
   author = {{Bonifacio}, P. and {Dalton}, G. and {Trager}, S. and {Aguerri}, A.~L. and 
	{Carrasco}, E. and {Vallenari}, A. and {Abrams}, D.~C. and {Middleton}, K. and 
	{Say{\`e}de}, F.},
    title = "{WEAVE an overview and status update}",
 keywords = {Instrumentation: spectrographs, Surveys},
booktitle = {SF2A-2016: Proceedings of the Annual meeting of the French Society of Astronomy and Astrophysics},
     year = 2016,
   editor = {{Reyl{\'e}}, C. and {Richard}, J. and {Cambr{\'e}sy}, L. and 
	{Deleuil}, M. and {P{\'e}contal}, E. and {Tresse}, L. and {Vauglin}, I.
	},
    month = dec,
    pages = {267-270},
   adsurl = {http://adsabs.harvard.edu/abs/2016sf2a.conf..267B},
  adsnote = {Provided by the SAO/NASA Astrophysics Data System}
}

@INPROCEEDINGS{C2014,
   author = {{Cirasuolo}, M. and {Afonso}, J. and {Carollo}, M. and {Flores}, H. and 
	{Maiolino}, R. et. al.},
    title = "{MOONS: the Multi-Object Optical and Near-infrared Spectrograph for the VLT}",
booktitle = {Ground-based and Airborne Instrumentation for Astronomy V},
     year = 2014,
   series = {PROCSPIE},
   volume = 9147,
    month = jul,
      eid = {91470N},
    pages = {91470N},
      doi = {10.1117/12.2056012},
   adsurl = {http://adsabs.harvard.edu/abs/2014SPIE.9147E..0NC},
  adsnote = {Provided by the SAO/NASA Astrophysics Data System}
}


@ARTICLE{Ho2017b,
   author = {{Ho}, A.~Y.~Q. and {Rix}, H.-W. and {Ness}, M.~K. and {Hogg}, D.~W. and 
	{Liu}, C. and {Ting}, Y.-S.},
    title = "{Masses and Ages for 230,000 LAMOST Giants, via Their Carbon and Nitrogen Abundances}",
  journal = {\apj},
archivePrefix = "arXiv",
   eprint = {1609.03195},
 primaryClass = "astro-ph.SR",
 keywords = {methods: data analysis, methods: statistical, stars: abundances, stars: fundamental parameters, surveys, techniques: spectroscopic},
     year = 2017,
    month = may,
   volume = 841,
      eid = {40},
    pages = {40},
      doi = {10.3847/1538-4357/aa6db3},
   adsurl = {http://adsabs.harvard.edu/abs/2017ApJ...841...40H},
  adsnote = {Provided by the SAO/NASA Astrophysics Data System}
}




@ARTICLE{Stello2015,
   author = {{Stello}, D. and {Huber}, D. and {Sharma}, S. and {Johnson}, J. and 
	{Lund}, M.~N. et al.},
    title = "{Oscillating Red Giants Observed during Campaign 1 of the Kepler K2 Mission: New Prospects for Galactic Archaeology}",
  journal = {\apjl},
archivePrefix = "arXiv",
   eprint = {1506.08931},
 keywords = {Galaxy: evolution, Galaxy: stellar content, Galaxy: structure, stars: fundamental parameters, stars: oscillations},
     year = 2015,
    month = aug,
   volume = 809,
      eid = {L3},
    pages = {L3},
      doi = {10.1088/2041-8205/809/1/L3},
   adsurl = {http://adsabs.harvard.edu/abs/2015ApJ...809L...3S},
  adsnote = {Provided by the SAO/NASA Astrophysics Data System}
}


@ARTICLE{GP2015,
   author = {{Garc{\'{\i}}a P{\'e}rez}, A.~E. and {Allende Prieto}, C. and 
	{Holtzman}, J.~A. and {Shetrone}, M. and {M{\'e}sz{\'a}ros}, S. et al.},
    title = "{ASPCAP: The Apogee Stellar Parameter and Chemical Abundances Pipeline}",
  journal = {ArXiv e-prints},
archivePrefix = "arXiv",
   eprint = {1510.07635},
 primaryClass = "astro-ph.SR",
 keywords = {Astrophysics - Solar and Stellar Astrophysics},
     year = 2015,
    month = oct,
   adsurl = {http://adsabs.harvard.edu/abs/2015arXiv151007635G},
  adsnote = {Provided by the SAO/NASA Astrophysics Data System}
}

@ARTICLE{diM2015,
   author = {{Di Matteo}, P. and {G{\'o}mez}, A. and {Haywood}, M. and {Combes}, F. and
    {Lehnert}, M.~D. and {Ness}, M. and {Snaith}, O.~N. and {Katz}, D. and
    {Semelin}, B.},
    title = "{Why the Milky Way's bulge is not only a bar formed from a cold thin disk}",
  journal = {\aap},
archivePrefix = "arXiv",
   eprint = {1411.1416},
 keywords = {methods: numerical, Galaxy: bulge, Galaxy: evolution, Galaxy: kinematics and dynamics, Galaxy: abundances},
     year = 2015,
    month = may,
   volume = 577,
      eid = {A1},
    pages = {A1},
      doi = {10.1051/0004-6361/201424457},
   adsurl = {http://adsabs.harvard.edu/abs/2015A\%26A...577A...1D},
  adsnote = {Provided by the SAO/NASA Astrophysics Data System}
}

@ARTICLE{N2015,
   author = {{Nataf}, D.~M. and {Udalski}, A. and {Skowron}, J. and {Szyma{\'n}ski}, M.~K. and
    {Kubiak}, M. and {Pietrzy{\'n}ski}, G. and {Soszy{\'n}ski}, I. and
    {Ulaczyk}, K. and {Wyrzykowski}, {\L}. and {Poleski}, R. and
    {Athanassoula}, E. and {Ness}, M. and {Shen}, J. and {Li}, Z.-Y.
    },
    title = "{The X-shaped Milky Way bulge in OGLE-III photometry and in N-body models}",
  journal = {\mnras},
archivePrefix = "arXiv",
   eprint = {1411.7384},
 keywords = {Galaxy: bulge, Galaxy: stellar content, Galaxy: structure},
     year = 2015,
    month = feb,
   volume = 447,
    pages = {1535-1549},
      doi = {10.1093/mnras/stu2497},
   adsurl = {http://adsabs.harvard.edu/abs/2015MNRAS.447.1535N},
  adsnote = {Provided by the SAO/NASA Astrophysics Data System}
}

@ARTICLE{Martig2016,
   author = {{Martig}, M. and {Fouesneau}, M. and {Rix}, H.-W. and {Ness}, M. and 
	{M{\'e}sz{\'a}ros}, S. and {Garc{\'{\i}}a-Hern{\'a}ndez}, D.~A. and 
	{Pinsonneault}, M. and {Serenelli}, A. and {Silva Aguirre}, V. and 
	{Zamora}, O.},
    title = "{Red giant masses and ages derived from carbon and nitrogen abundances}",
  journal = {\mnras},
archivePrefix = "arXiv",
   eprint = {1511.08203},
 primaryClass = "astro-ph.SR",
 keywords = {stars: abundances, stars: evolution, stars: fundamental parameters},
     year = 2016,
    month = mar,
   volume = 456,
    pages = {3655-3670},
      doi = {10.1093/mnras/stv2830},
   adsurl = {http://adsabs.harvard.edu/abs/2016MNRAS.456.3655M},
  adsnote = {Provided by the SAO/NASA Astrophysics Data System}
}

@ARTICLE{F2013,
   author = {{Freeman}, K. and {Ness}, M. and {Wylie-de-Boer}, E. and {Athanassoula}, E. and
    {Bland-Hawthorn}, J. and {Asplund}, M. and {Lewis}, G. and {Yong}, D. and
    {Lane}, R. and {Kiss}, L. and {Ibata}, R.},
    title = "{ARGOS - II. The Galactic bulge survey}",
  journal = {\mnras},
archivePrefix = "arXiv",
   eprint = {1212.1541},
 primaryClass = "astro-ph.GA",
 keywords = {Galaxy: bulge, Galaxy: evolution, Galaxy: formation, Galaxy: kinematics and dynamics, stars: abundances},
     year = 2013,
    month = feb,
   volume = 428,
    pages = {3660-3670},
      doi = {10.1093/mnras/sts305},
   adsurl = {http://adsabs.harvard.edu/abs/2013MNRAS.428.3660F},
  adsnote = {Provided by the SAO/NASA Astrophysics Data System}
}

@ARTICLE{Steinmetz2006,
   author = {{Steinmetz}, M. and {Zwitter}, T. and {Siebert}, A. and {Watson}, F.~G. and 
	{Freeman}, K.~C. and {Munari}, U. and {Campbell}, R. and {Williams}, M. and 
	{Seabroke}, G.~M. and {Wyse}, R.~F.~G. and {Parker}, Q.~A. and 
	{Bienaym{\'e}}, O. and {Roeser}, S. and {Gibson}, B.~K. and 
	{Gilmore}, G. and {Grebel}, E.~K. and {Helmi}, A. and {Navarro}, J.~F. and 
	{Burton}, D. and {Cass}, C.~J.~P. and {Dawe}, J.~A. and {Fiegert}, K. and 
	{Hartley}, M. and {Russell}, K.~S. and {Saunders}, W. and {Enke}, H. and 
	{Bailin}, J. and {Binney}, J. and {Bland-Hawthorn}, J. and {Boeche}, C. and 
	{Dehnen}, W. and {Eisenstein}, D.~J. and {Evans}, N.~W. and 
	{Fiorucci}, M. and {Fulbright}, J.~P. and {Gerhard}, O. and 
	{Jauregi}, U. and {Kelz}, A. and {Mijovi{\'c}}, L. and {Minchev}, I. and 
	{Parmentier}, G. and {Pe{\~n}arrubia}, J. and {Quillen}, A.~C. and 
	{Read}, M.~A. and {Ruchti}, G. and {Scholz}, R.-D. and {Siviero}, A. and 
	{Smith}, M.~C. and {Sordo}, R. and {Veltz}, L. and {Vidrih}, S. and 
	{von Berlepsch}, R. and {Boyle}, B.~J. and {Schilbach}, E.},
    title = "{The Radial Velocity Experiment (RAVE): First Data Release}",
  journal = {\aj},
   eprint = {astro-ph/0606211},
 keywords = {Catalogs, Stars: Fundamental Parameters, Surveys},
     year = 2006,
    month = oct,
   volume = 132,
    pages = {1645-1668},
      doi = {10.1086/506564},
   adsurl = {http://adsabs.harvard.edu/abs/2006AJ....132.1645S},
  adsnote = {Provided by the SAO/NASA Astrophysics Data System}
}


@ARTICLE{Majewski2017,
   author = {{Majewski}, S.~R. and {Schiavon}, R.~P. and {Frinchaboy}, P.~M. and 
	{Allende Prieto}, C. and {Barkhouser}, R. and {Bizyaev}, D. and 
	{Blank}, B. and {Brunner}, S. and {Burton}, A. and {Carrera}, R. and 
	{Chojnowski}, S.~D. and {Cunha}, K. and {Epstein}, C. and {Fitzgerald}, G. and 
	{Garc{\'{\i}}a P{\'e}rez}, A.~E. and {Hearty}, F.~R. and {Henderson}, C. and 
	{Holtzman}, J.~A. and {Johnson}, J.~A. and {Lam}, C.~R. and 
	{Lawler}, J.~E. and {Maseman}, P. and {M{\'e}sz{\'a}ros}, S. and 
	{Nelson}, M. and {Nguyen}, D.~C. and {Nidever}, D.~L. and {Pinsonneault}, M. and 
	{Shetrone}, M. and {Smee}, S. and {Smith}, V.~V. and {Stolberg}, T. and 
	{Skrutskie}, M.~F. and {Walker}, E. and {Wilson}, J.~C. and 
	{Zasowski}, G. and {Anders}, F. and {Basu}, S. and {Beland}, S. and 
	{Blanton}, M.~R. and {Bovy}, J. and {Brownstein}, J.~R. and 
	{Carlberg}, J. and {Chaplin}, W. and {Chiappini}, C. and {Eisenstein}, D.~J. and 
	{Elsworth}, Y. and {Feuillet}, D. and {Fleming}, S.~W. and {Galbraith-Frew}, J. and 
	{Garc{\'{\i}}a}, R.~A. and {Garc{\'{\i}}a-Hern{\'a}ndez}, D.~A. and 
	{Gillespie}, B.~A. and {Girardi}, L. and {Gunn}, J.~E. and {Hasselquist}, S. and 
	{Hayden}, M.~R. and {Hekker}, S. and {Ivans}, I. and {Kinemuchi}, K. and 
	{Klaene}, M. and {Mahadevan}, S. and {Mathur}, S. and {Mosser}, B. and 
	{Muna}, D. and {Munn}, J.~A. and {Nichol}, R.~C. and {O'Connell}, R.~W. and 
	{Parejko}, J.~K. and {Robin}, A.~C. and {Rocha-Pinto}, H. and 
	{Schultheis}, M. and {Serenelli}, A.~M. and {Shane}, N. and 
	{Silva Aguirre}, V. and {Sobeck}, J.~S. and {Thompson}, B. and 
	{Troup}, N.~W. and {Weinberg}, D.~H. and {Zamora}, O.},
    title = "{The Apache Point Observatory Galactic Evolution Experiment (APOGEE)}",
  journal = {\aj},
archivePrefix = "arXiv",
   eprint = {1509.05420},
 primaryClass = "astro-ph.IM",
 keywords = {Galaxy: abundances, Galaxy: evolution, Galaxy: formation, Galaxy: kinematics and dynamics, Galaxy: stellar content, Galaxy: structure},
     year = 2017,
    month = sep,
   volume = 154,
      eid = {94},
    pages = {94},
      doi = {10.3847/1538-3881/aa784d},
   adsurl = {http://adsabs.harvard.edu/abs/2017AJ....154...94M},
  adsnote = {Provided by the SAO/NASA Astrophysics Data System}
}

@ARTICLE{freeman2002,
   author = {{Freeman}, K. and {Bland-Hawthorn}, J.},
    title = "{The New Galaxy: Signatures of Its Formation}",
  journal = {\araa},
     year = 2002,
   volume = 40,
    pages = {487-537},
  adsnote = {Provided by the Smithsonian/NASA Astrophysics Data System}
}


@INPROCEEDINGS{deJong2016,
   author = {{de Jong}, R.~S. and {Barden}, S.~C. and {Bellido-Tirado}, O. and 
	{Brynnel}, J.~G. and {Frey}, S. and {Giannone}, D. and {Haynes}, R. and 
	{Johl}, D. and {Phillips}, D. and {Schnurr}, O. and {Walcher}, J.~C. and 
	{Winkler}, R. and {Ansorge}, W.~R. and {Feltzing}, S. and {McMahon}, R.~G. and 
	{Baker}, G. and {Caillier}, P. and {Dwelly}, T. and {Gaessler}, W. and 
	{Iwert}, O. and {Mandel}, H.~G. and {Piskunov}, N.~A. and {Pragt}, J.~H. and 
	{Walton}, N.~A. and {Bensby}, T. and {Bergemann}, M. and {Chiappini}, C. and 
	{Christlieb}, N. and {Cioni}, M.-R.~L. and {Driver}, S. and 
	{Finoguenov}, A. and {Helmi}, A. and {Irwin}, M.~J. and {Kitaura}, F.-S. and 
	{Kneib}, J.-P. and {Liske}, J. and {Merloni}, A. and {Minchev}, I. and 
	{Richard}, J. and {Starkenburg}, E.},
    title = "{4MOST: the 4-metre Multi-Object Spectroscopic Telescope project at preliminary design review}",
booktitle = {Ground-based and Airborne Instrumentation for Astronomy VI},
     year = 2016,
   series = {Procspie},
   volume = 9908,
    month = aug,
      eid = {99081O},
    pages = {99081O},
      doi = {10.1117/12.2232832},
   adsurl = {http://adsabs.harvard.edu/abs/2016SPIE.9908E..1OD},
  adsnote = {Provided by the SAO/NASA Astrophysics Data System}
}

@INPROCEEDINGS{Freeman2012,
   author = {{Freeman}, K.~C.},
    title = "{The HERMES Project: Reconstructing Galaxy Formation}",
booktitle = {Galactic Archaeology: Near-Field Cosmology and the Formation of the Milky Way},
     year = 2012,
   series = {Astronomical Society of the Pacific Conference Series},
   volume = 458,
   editor = {{Aoki}, W. and {Ishigaki}, M. and {Suda}, T. and {Tsujimoto}, T. and 
	{Arimoto}, N.},
    month = aug,
    pages = {393},
   adsurl = {http://adsabs.harvard.edu/abs/2012ASPC..458..393F},
  adsnote = {Provided by the SAO/NASA Astrophysics Data System}
}


@ARTICLE{Bovy2014,
   author = {{Bovy}, J. and {Nidever}, D.~L. and {Rix}, H.-W. and {Girardi}, L. and 
	{Zasowski}, G. and {Chojnowski}, S.~D. and {Holtzman}, J. et. al. },
    title = "{The APOGEE Red-clump Catalog: Precise Distances, Velocities, and High-resolution Elemental Abundances over a Large Area of the Milky Way's Disk}",
  journal = {\apj},
archivePrefix = "arXiv",
   eprint = {1405.1032},
 keywords = {Galaxy: abundances, Galaxy: disk, Galaxy: stellar content, Galaxy: structure, stars: distances, stars: general},
     year = 2014,
    month = aug,
   volume = 790,
      eid = {127},
    pages = {127},
      doi = {10.1088/0004-637X/790/2/127},
   adsurl = {http://adsabs.harvard.edu/abs/2014ApJ...790..127B},
  adsnote = {Provided by the SAO/NASA Astrophysics Data System}
}

@ARTICLE{P2014, 
   author = {{Pinsonneault}, M.~H. and {Elsworth}, Y. and {Epstein}, C. and 
	{Hekker}, S. and {M{\'e}sz{\'a}ros}, S. et al.},
    title = "{The APOKASC Catalog: An Asteroseismic and Spectroscopic Joint Survey of Targets in the Kepler Fields}",
  journal = {\apjs},
archivePrefix = "arXiv",
   eprint = {1410.2503},
 primaryClass = "astro-ph.SR",
 keywords = {catalogs, stars: abundances, stars: fundamental parameters, stars: oscillations: including pulsations, surveys},
     year = 2014,
    month = dec,
   volume = 215,
      eid = {19},
    pages = {19},
      doi = {10.1088/0067-0049/215/2/19},
   adsurl = {http://adsabs.harvard.edu/abs/2014ApJS..215...19P},
  adsnote = {Provided by the SAO/NASA Astrophysics Data System}
}

@ARTICLE{K1995,
   author = {{Kjeldsen}, H. and {Bedding}, T.~R.},
    title = "{Amplitudes of stellar oscillations: the implications for asteroseismology.}",
  journal = {\aap},
   eprint = {astro-ph/9403015},
 keywords = {SUN: OSCILLATIONS, STARS: INDIVIDUAL: $\{$ALPHA$\}$ CEN, STARS: INDIVIDUAL: PROCYON, STARS: OSCILLATIONS, CEPHEIDS, $\{$DELTA$\}$ SCT},
     year = 1995,
    month = jan,
   volume = 293,
    pages = {87-106},
   adsurl = {http://adsabs.harvard.edu/abs/1995A\%26A...293...87K},
  adsnote = {Provided by the SAO/NASA Astrophysics Data System}
}

@ARTICLE{Stello2013,
   author = {{Stello}, D. and {Huber}, D. and {Bedding}, T.~R. and {Benomar}, O. and 
	{Bildsten}, L. and {Elsworth}, Y.~P. and {Gilliland}, R.~L. and 
	{Mosser}, B. and {Paxton}, B. and {White}, T.~R.},
    title = "{Asteroseismic Classification of Stellar Populations among 13,000 Red Giants Observed by Kepler}",
  journal = {\apjl},
archivePrefix = "arXiv",
   eprint = {1302.0858},
 primaryClass = "astro-ph.SR",
 keywords = {asteroseismology, stars: evolution, stars: fundamental parameters, stars: interiors, stars: oscillations, techniques: photometric},
     year = 2013,
    month = mar,
   volume = 765,
      eid = {L41},
    pages = {L41},
      doi = {10.1088/2041-8205/765/2/L41},
   adsurl = {http://adsabs.harvard.edu/abs/2013ApJ...765L..41S},
  adsnote = {Provided by the SAO/NASA Astrophysics Data System}
}





@ARTICLE{SA2017,
   author = {{Silva Aguirre}, V. and {Lund}, M.~N. and {Antia}, H.~M. and 
	{Ball}, W.~H. and {Basu}, S. and {Christensen-Dalsgaard}, J. and 
	{Lebreton}, Y. and {Reese}, D.~R. and {Verma}, K. and {Casagrande}, L. and 
	{Justesen}, A.~B. and {Mosumgaard}, J.~R. and {Chaplin}, W.~J. and 
	{Bedding}, T.~R. and {Davies}, G.~R. and {Handberg}, R. and 
	{Houdek}, G. and {Huber}, D. and {Kjeldsen}, H. and {Latham}, D.~W. and 
	{White}, T.~R. and {Coelho}, H.~R. and {Miglio}, A. and {Rendle}, B.
	},
    title = "{Standing on the Shoulders of Dwarfs: the Kepler Asteroseismic LEGACY Sample. II.Radii, Masses, and Ages}",
  journal = {\apj},
archivePrefix = "arXiv",
   eprint = {1611.08776},
 primaryClass = "astro-ph.SR",
 keywords = {asteroseismology, stars: fundamental parameters, stars: oscillations},
     year = 2017,
    month = feb,
   volume = 835,
      eid = {173},
    pages = {173},
      doi = {10.3847/1538-4357/835/2/173},
   adsurl = {http://adsabs.harvard.edu/abs/2017ApJ...835..173S},
  adsnote = {Provided by the SAO/NASA Astrophysics Data System}
}

@ARTICLE{Vrard2016,
   author = {{Vrard}, M. and {Mosser}, B. and {Samadi}, R.},
    title = "{Period spacings in red giants. II. Automated measurement}",
  journal = {\aap},
archivePrefix = "arXiv",
   eprint = {1602.04940},
 primaryClass = "astro-ph.SR",
 keywords = {asteroseismology, methods: data analysis, stars: evolution, stars: oscillations, stars: solar-type},
     year = 2016,
    month = apr,
   volume = 588,
      eid = {A87},
    pages = {A87},
      doi = {10.1051/0004-6361/201527259},
   adsurl = {http://adsabs.harvard.edu/abs/2016A%26A...588A..87V},
  adsnote = {Provided by the SAO/NASA Astrophysics Data System}
}


@ARTICLE{Fuller2015,
   author = {{Fuller}, J. and {Cantiello}, M. and {Stello}, D. and {Garcia}, R.~A. and 
	{Bildsten}, L.},
    title = "{Asteroseismology can reveal strong internal magnetic fields in red giant stars}",
  journal = {Science},
archivePrefix = "arXiv",
   eprint = {1510.06960},
 primaryClass = "astro-ph.SR",
     year = 2015,
    month = oct,
   volume = 350,
    pages = {423-426},
      doi = {10.1126/science.aac6933},
   adsurl = {http://adsabs.harvard.edu/abs/2015Sci...350..423F},
  adsnote = {Provided by the SAO/NASA Astrophysics Data System}
}


@ARTICLE{Stello2016,
   author = {{Stello}, D. and {Cantiello}, M. and {Fuller}, J. and {Huber}, D. and 
	{Garc{\'{\i}}a}, R.~A. and {Bedding}, T.~R. and {Bildsten}, L. and 
	{Silva Aguirre}, V.},
    title = "{A prevalence of dynamo-generated magnetic fields in the cores of intermediate-mass stars}",
  journal = {\nat},
archivePrefix = "arXiv",
   eprint = {1601.00004},
 primaryClass = "astro-ph.SR",
     year = 2016,
    month = jan,
   volume = 529,
    pages = {364-367},
      doi = {10.1038/nature16171},
   adsurl = {http://adsabs.harvard.edu/abs/2016Natur.529..364S},
  adsnote = {Provided by the SAO/NASA Astrophysics Data System}
}


@ARTICLE{Ridder2009,
   author = {{De Ridder}, J. and {Barban}, C. and {Baudin}, F. and {Carrier}, F. and 
	{Hatzes}, A.~P. and {Hekker}, S. and {Kallinger}, T. and {Weiss}, W.~W. and 
	{Baglin}, A. and {Auvergne}, M. and {Samadi}, R. and {Barge}, P. and 
	{Deleuil}, M.},
    title = "{Non-radial oscillation modes with long lifetimes in giant stars}",
  journal = {\nat},
     year = 2009,
    month = may,
   volume = 459,
    pages = {398-400},
      doi = {10.1038/nature08022},
   adsurl = {http://adsabs.harvard.edu/abs/2009Natur.459..398D},
  adsnote = {Provided by the SAO/NASA Astrophysics Data System}
}


@ARTICLE{Bedding2010,
   author = {{Bedding}, T.~R. and {Huber}, D. and {Stello}, D. and {Elsworth}, Y.~P. and 
	{Hekker}, S. and {Kallinger}, T. and {Mathur}, S. and {Mosser}, B. and 
	{Preston}, H.~L. and {Ballot}, J. and {Barban}, C. and {Broomhall}, A.~M. and 
	{Buzasi}, D.~L. and {Chaplin}, W.~J. and {Garc{\'{\i}}a}, R.~A. and 
	{Gruberbauer}, M. and {Hale}, S.~J. and {De Ridder}, J. and 
	{Frandsen}, S. and {Borucki}, W.~J. and {Brown}, T. and {Christensen-Dalsgaard}, J. and 
	{Gilliland}, R.~L. and {Jenkins}, J.~M. and {Kjeldsen}, H. and 
	{Koch}, D. and {Belkacem}, K. and {Bildsten}, L. and {Bruntt}, H. and 
	{Campante}, T.~L. and {Deheuvels}, S. and {Derekas}, A. and 
	{Dupret}, M.-A. and {Goupil}, M.-J. and {Hatzes}, A. and {Houdek}, G. and 
	{Ireland}, M.~J. and {Jiang}, C. and {Karoff}, C. and {Kiss}, L.~L. and 
	{Lebreton}, Y. and {Miglio}, A. and {Montalb{\'a}n}, J. and 
	{Noels}, A. and {Roxburgh}, I.~W. and {Sangaralingam}, V. and 
	{Stevens}, I.~R. and {Suran}, M.~D. and {Tarrant}, N.~J. and 
	{Weiss}, A.},
    title = "{Solar-like Oscillations in Low-luminosity Red Giants: First Results from Kepler}",
  journal = {\apjl},
archivePrefix = "arXiv",
   eprint = {1001.0229},
 primaryClass = "astro-ph.SR",
 keywords = {stars: oscillations},
     year = 2010,
    month = apr,
   volume = 713,
    pages = {L176-L181},
      doi = {10.1088/2041-8205/713/2/L176},
   adsurl = {http://adsabs.harvard.edu/abs/2010ApJ...713L.176B},
  adsnote = {Provided by the SAO/NASA Astrophysics Data System}
}


@ARTICLE{vrard2016,
   author = {{Vrard}, M. and {Mosser}, B. and {Samadi}, R.},
    title = "{Period spacings in red giants. II. Automated measurement}",
  journal = {\aap},
archivePrefix = "arXiv",
   eprint = {1602.04940},
 primaryClass = "astro-ph.SR",
 keywords = {asteroseismology, methods: data analysis, stars: evolution, stars: oscillations, stars: solar-type},
     year = 2016,
    month = apr,
   volume = 588,
      eid = {A87},
    pages = {A87},
      doi = {10.1051/0004-6361/201527259},
   adsurl = {http://adsabs.harvard.edu/abs/2016A%26A...588A..87V},
  adsnote = {Provided by the SAO/NASA Astrophysics Data System}
}


@ARTICLE{Kallinger2016,
   author = {{Kallinger}, T. and {Hekker}, S. and {Garcia}, R.~A. and {Huber}, D. and 
	{Matthews}, J.~M.},
    title = "{Precise stellar surface gravities from the time scales of convectively driven brightness variations}",
  journal = {Science Advances},
     year = 2016,
    month = jan,
   volume = 2,
      eid = {1500654},
    pages = {1500654},
      doi = {10.1126/sciadv.1500654},
   adsurl = {http://adsabs.harvard.edu/abs/2016SciA....2E0654K},
  adsnote = {Provided by the SAO/NASA Astrophysics Data System}
}

@article{2016MNRAS.455..987C,
author = {Casagrande, L and Silva Aguirre, V and Schlesinger, K J and Stello, D and Huber, D and Serenelli, A M and Sch{\"o}nrich, R and Cassisi, S and Pietrinferni, A and Hodgkin, S and Milone, A P and Feltzing, S and Asplund, M},
title = {{Measuring the vertical age structure of the Galactic disc using asteroseismology and SAGA}},
journal = {Monthly Notices of the Royal Astronomical Society},
year = {2016},
volume = {455},
number = {1},
pages = {987--1007},
month = jan
}

@article{SilvaAguirre:2012du,
author = {Silva Aguirre, V and Casagrande, L and Basu, S and Campante, T L and Chaplin, W J and Huber, D and Miglio, A and Serenelli, A M and Ballot, J and Bedding, T R and Christensen-Dalsgaard, J and Creevey, O L and Elsworth, Y and Garc{\'\i}a, R A and Gilliland, R L and Hekker, S and Kjeldsen, H and Mathur, S and Metcalfe, T S and Monteiro, M J P F G and Mosser, B and Pinsonneault, M H and Stello, D and Weiss, A and Tenenbaum, P and Twicken, J D and Uddin, K},
title = {{VERIFYING ASTEROSEISMICALLY DETERMINED PARAMETERS OF KEPLERSTARS USING HIPPARCOSPARALLAXES: SELF-CONSISTENT STELLAR PROPERTIES AND DISTANCES}},
journal = {ApJ},
year = {2012},
volume = {757},
number = {1},
pages = {99},
month = sep
}

@article{Huber:2017fg,
author = {Huber, Daniel and Zinn, Joel and Bojsen-Hansen, Mathias and Pinsonneault, Marc and Sahlholdt, Christian and Serenelli, Aldo and Aguirre, Victor Silva and Stassun, Keivan and Stello, Dennis and Tayar, Jamie and Bastien, Fabienne and Bedding, Timothy R and Buchhave, Lars A and Chaplin, William J and Davies, Guy R and Garc{\'\i}a, Rafael A and Latham, David W and Mathur, Savita and Mosser, Beno{\^\i}t and Sharma, Sanjib},
title = {{Asteroseismology and Gaia: Testing Scaling Relations Using 2200 Kepler Stars with TGAS Parallaxes}},
journal = {The Astrophysical Journal},
year = {2017},
volume = {844},
number = {2},
pages = {0--0},
month = jul
}

@article{Tingley:2010ez,
author = {Tingley, B and Bonomo, A S and Deeg, H J},
title = {{USING STELLAR DENSITIES TO EVALUATE TRANSITING EXOPLANETARY CANDIDATES}},
journal = {The Astrophysical Journal},
year = {2010},
volume = {726},
number = {2},
pages = {112},
month = dec
}

@article{Tayar:2017du,
author = {Tayar, Jamie and Somers, Garrett and Pinsonneault, Marc H and Stello, Dennis and Mints, Alexey and Johnson, Jennifer A and Zamora, O and Garc{\'\i}a-Hern{\'a}ndez, D A and Maraston, Claudia and Serenelli, Aldo and Prieto, Carlos Allende and Bastien, Fabienne A and Basu, Sarbani and Bird, J C and Cohen, R E and Cunha, Katia and Elsworth, Yvonne and Garc{\'\i}a, Rafael A and Girardi, Leo and Hekker, Saskia and Holtzman, Jon and Huber, Daniel and Mathur, Savita and M{\'e}sz{\'a}ros, Szabolcs and Mosser, B and Shetrone, Matthew and Aguirre, Victor Silva and Stassun, Keivan and Stringfellow, Guy S and Zasowski, Gail and Roman-Lopes, A},
title = {{The Correlation between Mixing Length and Metallicity on the Giant Branch: Implications for Ages in the}},
journal = {The Astrophysical Journal},
year = {2017},
volume = {840},
number = {1},
pages = {0--0},
month = apr
}

@article{2018MNRAS.475.5487S,
author = {Silva Aguirre, V and Bojsen-Hansen, M and Slumstrup, D and Casagrande, L and Kawata, D and Ciuc{\v a}, I and Handberg, R and Lund, M N and Mosumgaard, J R and Huber, D and Johnson, J A and Pinsonneault, M H and Serenelli, A M and Stello, D and Tayar, J and Bird, J C and Cassisi, S and Hon, M and Martig, M and Nissen, P E and Rix, H W and Sch{\"o}nrich, R and Sahlholdt, C and Trick, W H and Yu, J},
title = {{Confirming chemical clocks: asteroseismic age dissection of the Milky Way disc(s)}},
journal = {Monthly Notices of the Royal Astronomical Society},
year = {2018},
volume = {475},
number = {4},
pages = {5487--5500},
month = apr
}

@article{Chaplin:2014jf,
author = {Chaplin, W J and Basu, S and Huber, D and Serenelli, A and Casagrande, L and Silva Aguirre, V and Ball, W H and Creevey, O L and Gizon, L and Handberg, R and Karoff, C and Lutz, R and Marques, J P and Miglio, A and Stello, D and Suran, M D and Pricopi, D and Metcalfe, T S and Monteiro, M J P F G and Molenda-{\.Z}akowicz, J and Appourchaux, T and Christensen-Dalsgaard, J and Elsworth, Y and Garc{\'\i}a, R A and Houdek, G and Kjeldsen, H and Bonanno, A and Campante, T L and Corsaro, E and Gaulme, P and Hekker, S and Mathur, S and Mosser, B and R{\'e}gulo, C and Salabert, D},
title = {{ASTEROSEISMIC FUNDAMENTAL PROPERTIES OF SOLAR-TYPE STARS OBSERVED BY THE NASA KEPLERMISSION}},
journal = {The Astrophysical Journal Supplement Series},
year = {2014},
volume = {210},
number = {1},
pages = {1},
month = jan
}

@ARTICLE{Geman_and_Geman:1984, 
author={S. {Geman} and D. {Geman}}, 
journal={IEEE Transactions on Pattern Analysis and Machine Intelligence}, 
title={Stochastic Relaxation, Gibbs Distributions, and the Bayesian Restoration of Images}, 
year={1984}, 
volume={PAMI-6}, 
number={6}, 
pages={721-741}, 
keywords={Stochastic processes;Bayesian methods;Image restoration;Degradation;Markov random fields;Additive noise;Deformable models;Temperature distribution;Energy states;Annealing;Annealing;Gibbs distribution;image restoration;line process;MAP estimate;Markov random field;relaxation;scene modeling;spatial degradation}, 
doi={10.1109/TPAMI.1984.4767596}, 
ISSN={0162-8828}, 
month={Nov},}

@BOOK{Gelman_etal:2013,
  author = {Gelman, Andrew and Carlin, John B. and Stern, Hal S. and Rubin, Donald B.},
  edition = {3rd},
  keywords = {bayesian statistics},
  publisher = {Chapman and Hall/CRC},
  title = {Bayesian Data Analysis},
  year = 2013
}

@BOOK{Rasmussen_Williams,
  title = {Gaussian Processes for Machine Learning},
  author = {Rasmussen, CE. and Williams, CKI.},
  pages = {248},
  series = {Adaptive Computation and Machine Learning},
  publisher = {MIT Press},
  address = {Cambridge, MA, USA},
  month = jan,
  year = {2006},
  month_numeric = {1}
}

@ARTICLE{Bond_etal:1987,
   author = {{Bond}, J.~R. and {Efstathiou}, G.},
    title = "{The statistics of cosmic background radiation fluctuations}",
  journal = {\mnras},
 keywords = {Computational Astrophysics, Cosmology, Radiation Distribution, Relic Radiation, Statistical Analysis, Angular Correlation, Anisotropy, Correlation, Dark Matter, Power Spectra},
     year = 1987,
    month = jun,
   volume = 226,
    pages = {655-687},
      doi = {10.1093/mnras/226.3.655},
   adsurl = {https://ui.adsabs.harvard.edu/abs/1987MNRAS.226..655B},
  adsnote = {Provided by the SAO/NASA Astrophysics Data System}
}

@ARTICLE{Czekala_etal:2017,
       author = {{Czekala}, Ian and {Mandel}, Kaisey S. and {Andrews}, Sean M. and
         {Dittmann}, Jason A. and {Ghosh}, Sujit K. and {Montet}, Benjamin T. and
         {Newton}, Elisabeth R.},
        title = "{Disentangling Time-series Spectra with Gaussian Processes: Applications to Radial Velocity Analysis}",
      journal = {\apj},
     keywords = {binaries: spectroscopic, celestial mechanics, stars: fundamental parameters, stars: individual: LP661-13, techniques: radial velocities, techniques: spectroscopic, Astrophysics - Solar and Stellar Astrophysics, Astrophysics - Earth and Planetary Astrophysics, Astrophysics - Instrumentation and Methods for Astrophysics},
         year = "2017",
        month = "May",
       volume = {840},
       number = {1},
          eid = {49},
        pages = {49},
          doi = {10.3847/1538-4357/aa6aab},
archivePrefix = {arXiv},
       eprint = {1702.05652},
 primaryClass = {astro-ph.SR},
       adsurl = {https://ui.adsabs.harvard.edu/abs/2017ApJ...840...49C},
      adsnote = {Provided by the SAO/NASA Astrophysics Data System}
}

@ARTICLE{DFM_etal:2014,
   author = {{Foreman-Mackey}, D. and {Hogg}, D.~W. and {Morton}, T.~D.},
    title = "{Exoplanet Population Inference and the Abundance of Earth Analogs from Noisy, Incomplete Catalogs}",
  journal = {\apj},
archivePrefix = "arXiv",
   eprint = {1406.3020},
 primaryClass = "astro-ph.EP",
 keywords = {catalogs, methods: data analysis, methods: statistical, planetary systems, stars: statistics },
     year = 2014,
    month = nov,
   volume = 795,
      eid = {64},
    pages = {64},
      doi = {10.1088/0004-637X/795/1/64},
   adsurl = {https://ui.adsabs.harvard.edu/abs/2014ApJ...795...64F},
  adsnote = {Provided by the SAO/NASA Astrophysics Data System}
}

@ARTICLE{Gibson_etal:2012,
       author = {{Gibson}, N.~P. and {Aigrain}, S. and {Roberts}, S. and {Evans}, T.~M. and
         {Osborne}, M. and {Pont}, F.},
        title = "{A Gaussian process framework for modelling instrumental systematics: application to transmission spectroscopy}",
      journal = {\mnras},
     keywords = {methods: data analysis, techniques: spectroscopic, stars: individual: HD 189733, planetary systems, Astrophysics - Earth and Planetary Astrophysics},
         year = "2012",
        month = "Jan",
       volume = {419},
       number = {3},
        pages = {2683-2694},
          doi = {10.1111/j.1365-2966.2011.19915.x},
archivePrefix = {arXiv},
       eprint = {1109.3251},
 primaryClass = {astro-ph.EP},
       adsurl = {https://ui.adsabs.harvard.edu/abs/2012MNRAS.419.2683G},
      adsnote = {Provided by the SAO/NASA Astrophysics Data System}
}

@article{Hastings:1970,
    author = {Hastings, W. K.},
    title = "{Monte Carlo sampling methods using Markov chains and their applications}",
    journal = {Biometrika},
    volume = {57},
    number = {1},
    pages = {97-109},
    year = {1970},
    month = {04},
    abstract = "{A generalization of the sampling method introduced by Metropolis et al. (1953) is presented along with an exposition of the relevant theory, techniques of application and methods and difficulties of assessing the error in Monte Carlo estimates. Examples of the methods, including the generation of random orthogonal matrices and potential applications of the methods to numerical problems arising in statistics, are discussed.}",
    issn = {0006-3444},
    doi = {10.1093/biomet/57.1.97},
    url = {https://doi.org/10.1093/biomet/57.1.97},
    eprint = {http://oup.prod.sis.lan/biomet/article-pdf/57/1/97/23940249/57-1-97.pdf},
}

@ARTICLE{Shafieloo_etal:2012,
       author = {{Shafieloo}, Arman and {Kim}, Alex G. and {Linder}, Eric V.},
        title = "{Gaussian process cosmography}",
      journal = {\prd},
     keywords = {98.80.-k, 02.50.-r, 95.36.+x, Cosmology, Probability theory stochastic processes and statistics, Dark energy, Astrophysics - Cosmology and Extragalactic Astrophysics},
         year = "2012",
        month = "Jun",
       volume = {85},
       number = {12},
          eid = {123530},
        pages = {123530},
          doi = {10.1103/PhysRevD.85.123530},
archivePrefix = {arXiv},
       eprint = {1204.2272},
 primaryClass = {astro-ph.CO},
       adsurl = {https://ui.adsabs.harvard.edu/abs/2012PhRvD..85l3530S},
      adsnote = {Provided by the SAO/NASA Astrophysics Data System}
}

@ARTICLE{Zhang_etal:2013,
       author = {{Zhang}, Lin and {Sarkar}, Abhra and {Mallick}, Bani K.},
        title = "{Bayesian Low Rank and Sparse Covariance Matrix Decomposition}",
      journal = {arXiv e-prints},
     keywords = {Statistics - Methodology},
         year = "2013",
        month = "Oct",
          eid = {arXiv:1310.4195},
        pages = {arXiv:1310.4195},
archivePrefix = {arXiv},
       eprint = {1310.4195},
 primaryClass = {stat.ME},
       adsurl = {https://ui.adsabs.harvard.edu/abs/2013arXiv1310.4195Z},
      adsnote = {Provided by the SAO/NASA Astrophysics Data System}
}

@BOOK{Busemeyer_etal:2015,
      author = "Jerome R. Busemeyer and Zheng Wang and James T. Townsend and Ami Eidels",
      title = "The Oxford Handbook of Computational and Mathematical Psychology",
      year = "2015",
      month = "12",
      publisher = "Oxford University Press",
      isbn = "9780199957996",
      url = "https://www.oxfordhandbooks.com/view/10.1093/oxfordhb/9780199957996.001.0001/oxfordhb-9780199957996"
}

@ARTICLE{Hasselquist_etal:2016,
   author = {{Hasselquist}, S. and {Shetrone}, M. and {Cunha}, K. and {Smith}, V.~V. and 
	{Holtzman}, J. and {Lawler}, J.~E. and {Allende Prieto}, C. and 
	{Beers}, T.~C. and {Chojnowski}, D. and {Fern{\'a}ndez-Trincado}, J.~G. and 
	{Garc{\'{\i}}a-Hern{\'a}ndez}, D.~A. and {Hearty}, F.~R. and 
	{Majewski}, S.~R. and {Pereira}, C.~B. and {Placco}, V.~M. and 
	{Villanova}, S. and {Zamora}, O.},
    title = "{Identification of Neodymium in the Apogee H-Band Spectra}",
  journal = {\apj},
 keywords = {stars: abundances, techniques: spectroscopic},
     year = 2016,
    month = dec,
   volume = 833,
      eid = {81},
    pages = {81},
      doi = {10.3847/1538-4357/833/1/81},
   adsurl = {https://ui.adsabs.harvard.edu/abs/2016ApJ...833...81H},
  adsnote = {Provided by the SAO/NASA Astrophysics Data System}
}

@BOOK{Cover_Thomas:2006,
 author = {Cover, Thomas M. and Thomas, Joy A.},
 title = {Elements of Information Theory (Wiley Series in Telecommunications and Signal Processing)},
 year = {2006},
 isbn = {0471241954},
 publisher = {Wiley-Interscience},
 address = {New York, NY, USA},
}
